2767 4467
190 311 238 383 90
490 287 672 356 Philemon
697 286 771 352 a'nd
790 284 937 351 Baucis.
1101 298 1258 370 [Merum.

193 488 360 557 candidus
376 487 411 553 in
429 485 541 552 medio
557 485 657 550 savus
672 494 737 549 est.
786 481 900 569 Super
915 477 1033 547 omnia
1047 477 1164 546 vultus

193 616 371 662 accessere
387 592 482 668 boni,
500 613 568 657 uec
580 591 673 655 iners
689 609 889 676 pauperque
905 587 1076 654 voluntas.

238 702 373 766 Interea
389 699 511 765 totiens
528 699 689 762 haustum
706 707 837 762 cratera
853 692 978 780 repleri

193 820 314 893 sponte
331 827 407 881 sua,
425 825 487 891 per
502 825 608 892 seque
623 803 742 868 vident
757 820 976 868 succrescere
991 798 1085 864 vina·
1195 813 1273 888 680-

196 913 325 978 attoniti
341 912 489 978 novitate
506 919 645 997 pavent,
663 909 890 994 manibusque
907 904 1038 990 supinis

195 1019 391 1105 concipiunt
407 1017 602 1104 Baucisque
620 1036 741 1101 preces
757 1013 964 1099 timidusque
980 1010 1178 1089 Philemon,

194 1138 229 1194 et
243 1125 381 1191 veniam
398 1124 544 1210 dapibus
560 1122 733 1208 nullisque
750 1119 925 1206 paratibus
941 1128 1049 1184 orant.

239 1231 373 1298 Unicus
390 1250 491 1296 anser
506 1239 591 1304 erat,
610 1227 773 1292 minimae
790 1225 944 1291 custodia
960 1223 1075 1300 villae,

194 1359 297 1425 quern
314 1337 367 1402 dis
383 1335 574 1421 hospitibus
589 1333 719 1399 domini
736 1343 886 1398 mactare
903 1331 1083 1415 parabant.
1197 1347 1257 1416 685

194 1445 252 1509 ille
268 1443 361 1509 celer
376 1462 491 1527 penna
506 1439 622 1507 tardos
638 1450 750 1504 aetate
767 1437 900 1525 fatigat,

195 1549 368 1634 eluditque
384 1546 458 1622 diu,
474 1545 683 1632 tandemque
701 1556 752 1610 est
766 1543 860 1608 visus
876 1541 922 1608 ad
937 1541 1030 1628 ipsos

195 1654 392 1742 confugisse
409 1652 505 1719 deos.
552 1651 679 1738 Superi
695 1649 988 1716 vetuerenecariz
1067 1677 1070 1684 ¹

197 1760 284 1826 ‘Di’
299 1781 366 1848 que
384 1771 394 1800 ⁴
407 1780 538 1836 sumus,
558 1760 765 1846 meritasque
780 1758 851 1823 luet
867 1754 994 1822 vicinia
1010 1776 1142 1842 poenas

195 1865 320 1954 impia’
335 1866 517 1956 dixerunt3
544 1877 557 1913 r,
565 1865 662 1932 vobis
679 1864 890 1930 immunibus
906 1863 1008 1951 hujus
1198 1879 1263 1952 690

195 1996 272 2040 esse
289 1973 371 2038 mali
387 1973 543 2039 dabitur:
569 1973 670 2038 modo
686 1983 800 2038 vestra
815 1971 997 2057 relinquite
1012 1979 1116 2046 tecta,

196 2100 238 2145 ac
253 2092 386 2146 nostros
403 2079 560 2145 comitate
578 2080 721 2168 graduS,
739 2078 824 2144 etin
841 2079 949 2144 ardua
966 2075 1089 2142 montis

195 2185 240 2252 ite
257 2185 383 2252 simul.’
428 2185 556 2252 Parent
572 2185 687 2261 ambo,
705 2185 905 2273 baculisque
922 2183 1024 2250 levati

195 2292 347 2357 nituntur
362 2293 468 2378 longo
484 2292 629 2380 vestigia
646 2313 774 2377 ponere
790 2291 892 2357 clivo.

239 2398 392 2464 Tantum
410 2399 553 2463 aberant
568 2411 722 2473 summo,
734 2410 901 2484 quantum
917 2397 1024 2464 semel
1041 2397 1090 2463 ire
1106 2396 1246 2486 sagitta

196 2504 301 2571 missa
318 2516 449 2591 potest:
472 2503 602 2570 flexere
617 2506 750 2578 oculos,
768 2516 802 2570 et
819 2524 931 2570 mersa
948 2504 1074 2590 palude

196 2624 310 2678 cetera
326 2611 549 2698 prospiciunt,
568 2621 700 2675 tanturn
714 2631 779 2674 sua
794 2620 882 2675 tecta
899 2629 1052 2676 manere.

196 2719 347 2805 dumque
363 2739 404 2784 en
421 2719 599 2792 mirantur,
617 2717 700 2781 dum
717 2716 844 2781 deflent
858 2716 928 2782 sata
944 2737 1096 2791 suorum,

194 2824 255 2888 illa
270 2837 380 2899 vetus,
399 2822 546 2889 dominis
562 2822 665 2887 etiam
682 2843 763 2888 casa
780 2843 886 2908 parva
902 2823 1037 2888 duobus

195 2929 335 2993 vertitur
350 2928 385 2992 in
402 2928 590 3013 templum
613 2929 728 2994 surcas
744 2929 878 2994 subiere
894 2931 1096 3002 columnae;
1200 2958 1262 3013 700

195 3033 359 3098 stramina
375 3033 576 3109 flavescunt,
596 3046 782 3121 aurataque
798 3045 886 3100 tecta
902 3034 1071 3106 videntur,

196 3140 418 3227 caelataeque
434 3139 538 3213 iores,
556 3141 789 3227 adopertaque
807 3162 977 3207 marmore
993 3141 1108 3207 tellus.

240 3243 343 3309 Talia
359 3255 429 3309 turn
447 3243 584 3330 placido
599 3245 781 3311 Saturnius
799 3247 903 3312 edidit
919 3269 998 3313 orer

198 3361 208 3391 ‘
223 3349 349 3427 Dicite,
363 3349 454 3438 juste
471 3370 591 3424 senex,
609 3360 643 3414 et
660 3351 786 3416 femina
802 3352 951 3441 conjuge
963 3353 1054 3442 justo

195 3455 316 3541 digna,
334 3454 416 3542 quid
432 3455 578 3540 optetis’
624 3455 715 3521 Cum
732 3455 886 3523 Baucide
903 3480 1014 3544 pauca
1029 3461 1180 3539 locutus,

191 3559 358 3649 judicium
376 3559 507 3646 superis
525 3561 634 3645 aperit
648 3581 831 3627 commune
848 3562 1050 3631 Philemon:
1153 3625 1155 3627 ,

197 3665 306 3731 ‘Esse
323 3667 530 3741 sacerdotes,
549 3667 761 3752 delubraque
776 3680 889 3733 vestra
905 3672 991 3736 tueri

195 3772 389 3856 poscimus3
414 3783 448 3836 et
462 3772 625 3858 quoniam
642 3773 830 3837 concordes
845 3775 982 3861 egimus
999 3799 1120 3853 annos,

197 3875 329 3940 auferat
344 3878 429 3942 hora
445 3877 531 3940 duos
547 3875 682 3948 eadem,
700 3896 766 3940 nec
781 3878 939 3965 conjugis
955 3870 1118 3968 umquam

195 3980 295 4044 busta
311 4002 409 4045 meae
424 3979 576 4055 videam,
592 4001 661 4044 neu
677 3979 743 4043 sim
759 3984 980 4050 tumulandus
997 3987 1041 4051 ab
1058 3987 1142 4052 illa)
1200 4020 1267 4073 710
