2767 4467
187 300 211 367 6
373 322 399 368 1.
439 302 511 369 The
539 300 704 369 Creatr'on
728 302 803 366 and
822 301 879 367 the
900 302 1026 367 Flood.
1098 321 1242 393 [Marxu.

189 518 254 563 nec
270 497 479 564 circumfuso
495 498 668 586 pendebat
684 498 720 564 in
737 503 817 563 aire
832 497 954 566 Tellus

189 605 398 690 ponderibus
414 605 536 670 librata
555 606 638 682 suis,
657 626 722 671 nec
738 606 881 671 brachia
897 607 1004 694 longo

189 711 346 798 margine
362 722 529 776 terrarum
547 722 747 797 porrexerat
763 710 992 797 Amphitrite3

189 836 325 905 quaque
340 816 403 882 suit
418 818 532 894 tellus,
551 818 621 884 illic
638 831 671 885 et
690 830 815 905 pontus
831 828 865 883 et
881 824 952 883 aer.

234 921 295 990 Sic
310 934 382 988 erat
398 923 565 989 instabilis
581 925 692 1000 tellus,
710 923 871 990 innabilis
887 926 993 1003 unda,

188 1029 275 1095 lucis
291 1050 399 1117 egens
415 1035 495 1095 abr:
520 1030 606 1096 nulli
623 1052 686 1096 sua
701 1031 813 1096 forma
830 1032 1003 1109 manebat,

188 1136 412 1224 obstabatque
429 1137 505 1202 aliis
522 1137 629 1214 aliud,
647 1136 728 1224 quia
745 1157 888 1222 corpore
904 1137 940 1203 in
956 1159 1026 1205 uno

188 1242 313 1329 frigida
329 1244 533 1330 pugnabant
549 1243 683 1320 calidis,
703 1243 879 1309 humentia
895 1243 1009 1321 siccis,

187 1348 305 1414 mollia
321 1369 399 1415 cum
416 1349 523 1426 duris,
543 1349 616 1415 sine
633 1350 785 1435 pondere
803 1349 965 1415 habentia
981 1352 1128 1437 pondus.
1206 1384 1241 1423 20

232 1453 336 1522 Hanc
349 1456 437 1520 'deus
453 1464 486 1521 et
502 1454 622 1521 melior
638 1455 732 1520 litem
748 1465 871 1519 natura
888 1455 1035 1521 diremit.

186 1580 267 1626 nam
285 1561 381 1626 caelo
397 1572 555 1627 terraset
569 1560 667 1627 terris
684 1560 828 1626 abscidit
844 1563 969 1639 undas,

187 1679 220 1733 et
235 1667 401 1754 liquidum
419 1667 528 1753 spisso
546 1652 693 1733 secrevit
706 1668 751 1732 ab
768 1672 846 1732 aire
864 1668 1012 1734 caelum.

186 1794 274 1862 quae
291 1784 472 1860 postquam
490 1774 615 1843 evolvit
631 1793 804 1861 caecoque
821 1775 949 1842 exemit
964 1796 1102 1853 acervo,

185 1878 367 1945 dissociata
384 1879 468 1945 locis
485 1879 646 1945 concordi
664 1901 750 1965 pace
767 1880 900 1968 ligavit.
1206 1914 1238 1970 25

194 2048 196 2053 .
230 1985 339 2073 Ignea
356 1986 502 2051 convexi
517 1986 570 2051 vis
586 1997 620 2051 et
635 1986 710 2052 sine
726 1987 879 2073 pondere
895 1986 982 2052 caeli

185 2092 336 2168 emicuit,
354 2114 556 2180 summaque
572 2094 686 2160 locum
703 2094 768 2159 sibi
784 2093 865 2160 fecit
880 2092 916 2187 in
933 2115 1025 2161 arce.

184 2197 361 2283 proximus
377 2210 428 2265 est
444 2204 503 2265 a'e‘r
519 2200 568 2265 illi
585 2201 723 2267 levitate
739 2202 922 2289 locoque3.

183 2304 322 2371 densior
338 2305 391 2372 his
406 2307 520 2381 tellus,
539 2308 779 2395 elementaque
794 2308 940 2396 grandia
957 2308 1060 2375 traxit

183 2422 217 2478 et
232 2434 350 2500 pressa
367 2422 417 2479 est
433 2414 602 2501 gravitate
617 2435 703 2489 sua3
728 2414 949 2480 circumfluus
965 2416 1088 2480 humor
1201 2450 1237 2505 30

182 2521 301 2587 ultima
318 2522 480 2609 possedit,
499 2522 720 2607 solidumque
731 2521 881 2586 coercuit
896 2522 1027 2587 orbern.
1332 2510 1336 2513 ⁴

227 2626 288 2693 Sic
304 2626 362 2693 ubi
378 2618 592 2713 dispositam,
610 2626 764 2715 quisquis
781 2626 844 2691 suit
859 2620 918 2692 ille
933 2615 1087 2704 deo'ru'm,

182 2734 379 2821 congeriem
397 2734 518 2810 secuit,
536 2745 734 2821 sectamque
750 2733 786 2799 in
803 2730 957 2799 membra
974 2735 1118 2823 redegit,

181 2839 350 2925 principio
365 2850 504 2918 terram,
519 2861 562 2905 ne
574 2860 642 2903 non
654 2840 809 2927 aequalis
825 2841 868 2906 ab
884 2841 978 2905 omni

180 2959 275 3031 parte
291 2946 391 3022 soret,
410 2950 528 3033 magni
544 2946 696 3031 speciem
713 2946 918 3034 glomeravit
934 2946 968 3011 in
983 2946 1089 3012 orbis.
1198 2968 1231 3035 35

180 3063 250 3117 tum
268 3052 353 3117 freta
369 3051 516 3128 diffudit,
536 3053 733 3139 rapidisque
749 3064 941 3119 tumescere
957 3052 1067 3118 ventis

176 3157 287 3247 jussit,
307 3168 340 3223 et
355 3158 504 3223 ambitae
520 3158 734 3248 circumdare
751 3159 850 3225 litora
866 3169 987 3224 terrae.

180 3264 311 3329 addidit
326 3274 359 3330 et
375 3263 483 3330 sontes
493 3275 533 3329 et
548 3277 672 3351 stagna
683 3264 858 3331 immensa
875 3266 1054 3353 lacusque,

178 3368 388 3458 fluminaque
405 3370 550 3458 obliquis
567 3370 673 3437 cinxit
688 3371 835 3437 declivia
851 3371 947 3458 ripis,
1065 3406 1092 3417 ··

178 3497 279 3561 quae,
299 3477 434 3542 diversa
443 3474 546 3553 locis,
565 3476 687 3563 partim
705 3480 884 3545 sorbentur
900 3479 943 3544 ab
961 3477 1048 3564 ipsa,
1193 3508 1231 3562 4⁰

178 3580 213 3645 in
231 3603 324 3647 mare
340 3583 543 3668 perveniunt
559 3582 695 3668 partim,
714 3604 906 3672 campoque
923 3594 1060 3669 recepta

177 3688 344 3754 liberioris
361 3711 470 3776 aquae
487 3690 647 3775 proripis
664 3691 763 3757 litora
780 3693 955 3776 pulsant...
995 3738 999 3746 .
1068 3741 1079 3745 1.
1097 3739 1101 3745 -

174 3793 274 3883 jussit
289 3807 322 3859 et
338 3795 475 3861 extendi
493 3816 646 3883 campos,
665 3797 843 3863 subsidere
860 3799 983 3874 valles,

176 3899 297 3965 fronde
314 3900 382 3988 tegi
401 3901 518 3977 silvas,
536 3902 710 3988 lapidosos
726 3924 869 3990 surgere
887 3916 1033 3969 montes.

221 4004 336 4093 thue
353 4008 443 4073 duae
459 4007 578 4073 dextra
595 4008 730 4074 caelum
746 4010 955 4097 totidemque
971 4010 1108 4075 sinistra
1190 4047 1224 4101 45
