2767 4467
177 323 238 372 102
478 301 550 369 ne
573 301 676 390 Song
695 302 744 388 of
761 300 933 390 Orpheus.
1080 316 1223 389 [Maean.

172 500 280 568 tristia
297 499 325 568 si
341 499 489 586 spatium
505 497 655 585 ponendi
670 497 741 582 sata
757 497 943 576 dedissent·
967 507 971 514 '

173 629 241 695 qua
258 606 348 683 licet,
367 616 526 671 aeternus
541 616 658 672 tamen
673 615 735 678 es‘3
758 595 982 690 quotiensque
999 602 1139 690 ,repellit

174 735 234 779 ver
250 713 412 788 hiemem,
430 710 590 797 Piscique
606 709 709 776 Aries
726 709 1038 796 succedit-aquoso,
1177 725 1225 796 ¹⁶5

172 830 209 889 tu
226 819 347 885 totiens
363 817 483 892 oreris,
501 816 669 903 viridique
685 815 721 880 in
739 815 867 900 cespite
883 814 998 908 flores,

173 938 207 990 te
223 946 321 990 meus
337 936 415 990 ante
430 943 550 988 omnes
567 921 702 1011 genitor
718 921 851 996 dilexit,
869 931 902 990 et
917 922 1001 989 orbe

174 1031 209 1096 in
226 1031 340 1096 medio
356 1028 456 1116 positi
472 1039 661 1098 caruerunt,
670 1027 830 1114 praeside
847 1027 989 1114 Delphi,

174 1138 257 1202 dum
274 1137 359 1203 deus
376 1135 526 1201 Eurotan
544 1134 827 1221 inmunitamque
845 1132 1037 1220 frequentat

175 1243 344 1330 Sparten:
362 1263 427 1308 nec
443 1241 688 1318 citharae,‚nec
700 1250 778 1306 sunt
794 1239 977 1314 inhonore
994 1240 1154 1330 sagittae.
1178 1271 1228 1325 170

173 1350 342 1416 inmemor
358 1349 431 1435 ipse
446 1348 501 1414 sui
516 1370 586 1414 non
602 1347 687 1414 retia
704 1347 792 1414 ferre
808 1357 956 1424 recusat,
1020 1390 1022 1396 ·
1072 1407 1075 1416 ,

174 1479 244 1522 non
259 1456 409 1522 tenuisse
425 1476 543 1530 canes,
561 1477 631 1520 non
647 1476 709 1541 per
721 1454 808 1542 juga
825 1454 948 1520 montis
964 1454 1071 1542 iniqui

174 1563 242 1628 isse
259 1584 396 1636 comes;
421 1563 596 1653 longaque
612 1561 672 1626 alit
688 1561 909 1629 assuetudine
924 1560 1096 1629 flammas.

221 1671 386 1758 ‘Jamque
403 1668 475 1735 sere
491 1669 624 1734 modius
639 1669 744 1734 Titan
760 1668 928 1734 venientis
945 1680 978 1734 et
993 1681 1092 1736 actae

174 1781 284 1843 noctis
301 1788 385 1852 erat,
404 1776 582 1864 spatioque
598 1775 672 1866 pari
690 1776 836 1842 distabat
851 1776 1043 1862 utrimquez

175 1904 318 1976 corpora
333 1895 427 1949 veste
444 1884 572 1958 levant,
591 1893 626 1948 et
640 1903 724 1948 suco
740 1881 880 1970 pinguis
895 1883 977 1950 olivi
1004 1921 1006 1928 ·
1026 1902 1029 1908 ·

175 1991 430 2076 splendescunt,
449 1989 575 2076 latique
590 1989 711 2054 ineunt
725 1989 913 2054 certamina
930 1989 1028 2055 disci.

221 2095 361 2182 ‘Quem
378 2095 472 2182 prius
488 2095 598 2161 adrias
615 2095 774 2160 libratum
789 2094 953 2162 Phoebus
969 2096 1005 2162 in
1022 2117 1126 2162 auras
1222 2131 1225 2136 ·

175 2201 279 2278 misit,
297 2213 330 2268 et
345 2201 521 2288 oppositas
536 2201 669 2290 disjecit
685 2202 837 2287 pondere
854 2203 973 2268 nubes.

174 2309 294 2375 recidit
309 2309 345 2374 in
361 2308 505 2374 solidam
522 2310 628 2396 longo
644 2319 722 2393 post
736 2319 1032 2398 temporeterram
1051 2339 1056 2346 ·

174 2417 323 2503 pondus,
340 2425 373 2480 et
390 2415 545 2480 exhibuit
555 2415 710 2503 junctam
726 2435 805 2481 cum
822 2415 952 2482 viribus
968 2428 1088 2482 artem.

174 2522 329 2610 protinus
344 2521 544 2608 imprudens
562 2532 725 2608 actusque
743 2522 903 2608 cupidine
920 2523 991 2591 ludi
1074 2539 1077 2548 ·

175 2631 293 2697 tollere
310 2629 526 2696 Taenarides
541 2630 657 2695 orbem
676 2631 902 2715 properabat3
928 2631 1076 2697 atilium

175 2738 261 2803 dura
277 2758 515 2824 repercussum
533 2736 676 2825 subjecit
690 2736 726 2801 in
743 2741 824 2803 aera
840 2738 940 2804 tellus
960 2754 962 2760 '

175 2843 211 2908 in
227 2844 353 2919 vultus,
373 2843 583 2930 Hyacinthe,
601 2853 688 2908 tuos.
738 2843 916 2929 Expalluit
932 2863 1042 2932 aeque
1091 2873 1094 2877 ·

175 2970 278 3036 quam
296 2970 381 3035 puer
397 2949 470 3034 ipse
486 2949 591 3022 deus;
616 2949 855 3037 collapsusque
872 2951 1000 3037 excipit
1011 2961 1122 3026 artus,

176 3067 209 3120 et
225 3056 327 3120 modo
343 3066 375 3120 te
391 3054 534 3130 refovet,
553 3055 655 3120 modo
670 3055 777 3122 tristia
795 3059 936 3122 vulnera
952 3058 1071 3131 siccat,

176 3183 269 3226 nunc
286 3162 435 3225 animam
452 3160 598 3227 admotis
615 3161 804 3250 lugientem
820 3165 963 3229 sustinet
979 3164 1107 3229 herbis.

223 3267 307 3332 ‘Nil
323 3280 466 3354 prosunt
481 3281 591 3334 artes:
616 3279 689 3334 erat
704 3269 956 3348 immedicabile
972 3272 1111 3338 vulnus.

176 3385 212 3439 ut
228 3374 256 3440 si
273 3375 350 3461 quis
366 3375 475 3440 violas
491 3375 636 3461 riguove
651 3357 804 3460 papaluer
819 3375 855 3439 in
872 3377 982 3453 horto,

176 3481 315 3567 liliaque
331 3480 496 3567 infringat
511 3480 612 3546 fulvis
629 3481 804 3546 haerentia
819 3481 940 3570 virgiS,

176 3589 330 3654 marcida
346 3587 523 3652 demittant
538 3587 649 3652 subito
665 3569 768 3672 caput
783 3586 843 3652 illa
858 3601 1052 3676 gravatum,

176 3716 242 3760 nec
258 3717 295 3761 se
312 3695 512 3770 sustineant,
531 3705 751 3780 spectentque
768 3695 948 3760 cacumine
964 3707 1112 3762 terram:

176 3802 226 3867 sic
242 3803 355 3866 vultus
372 3801 520 3865 moriens
532 3801 637 3889 jacet,
655 3811 689 3865 et
705 3799 838 3866 desecta
850 3801 973 3889 'vigore

176 3907 252 3993 ipsa
269 3907 332 3972 sibi
349 3917 400 3972 est
415 3907 510 3972 oneri
527 3905 644 3970 cervix
660 3908 872 3992 humeroque
889 3910 1069 3974 recumbit.

224 4014 262 4055 ‘³‘
275 4012 434 4087 Laberis,
453 4011 633 4086 Oebalide,
651 4011 762 4096 prima
778 4010 933 4077 fraudate
947 4013 1102 4101 juventa,
