2767 4467
72 365 75 369 ¹
105 294 229 369 1·4¹5·]
329 320 331 323 v
402 274 598 341 Deucalion
622 273 875 363 onor-:Pyrrha

105 478 230 563 detque
248 472 314 539 sibi
331 472 482 549 veniam,
498 472 627 557 pavido
643 482 743 561 rogat
758 493 830 549 ore,
849 484 1019 563 pavetque

105 586 245 649 laedere
257 579 395 669 jactatis
414 590 591 645 maternar-
602 579 737 645 ossibus
753 580 905 647 umbras.

55 717 58 721 ¹
104 690 237 755 interea
254 696 412 774 repetunt
428 686 542 771 caecis
556 686 703 751 obscura
719 686 858 753 latebris

105 798 212 863 verba
229 797 329 861 datae
346 792 444 875 sortis
461 813 592 868 secum,
610 792 698 857 inter
714 814 818 879 seque
835 794 999 860 volutant.

105 904 187 969 inde
203 900 463 968 Promethiades
480 899 625 983 placidis
642 896 862 983 Epimethida
878 900 978 966 dictis
1109 892 1161 990 '399
1270 984 1275 993 ‚

106 1012 246 1085 mulcet,
264 1020 298 1073 et
315 1006 408 1072 ‘Aut
424 1006 550 1070 fallax’
567 1004 614 1069 ait
630 1015 639 1045 ⁴
656 1016 707 1070 est
722 991 874 1071 sollertia
890 1008 1002 1083 nobis,

106 1128 165 1181 aut
183 1116 345 1201 piarunt,
364 1114 565 1199 nullumque
582 1111 682 1175 nefas
699 1112 839 1176 oracula
857 1114 1013 1178 suadent.

104 1240 236 1307 magna
254 1239 379 1305 parens
395 1216 503 1301 Terra
523 1226 574 1279 est
583 1202 594 1276 ’τ
620 1210 754 1299 lapides¹
771 1214 806 1277 in
823 1234 965 1300 corpore
982 1228 1092 1285 terrae

104 1346 185 1391 ossa
201 1347 278 1396 reor
293 1324 382 1389 dici:
403 1325 519 1411 jacere
537 1324 600 1389 hos
616 1333 693 1407 post
710 1333 807 1408 terga
819 1322 1005 1409 jubemur-⁹
1023 1402 1028 1409 ‚

151 1431 320 1519 Conjugis
337 1430 482 1517 augurio
497 1448 709 1517 quamquam
726 1426 866 1495 Titania
882 1442 973 1497 mota
990 1442 1053 1508 est,
1107 1463 1157 1520 ³95

104 1561 186 1624 spes
201 1550 317 1603 tamen
333 1538 368 1601 in
385 1538 487 1602 dubio
504 1547 575 1611 est3
602 1536 689 1602 adeo
707 1537 913 1602 caelestibus
929 1538 1031 1603 ambo

104 1645 262 1727 diffidunt
279 1644 434 1709 monitis:
447 1638 566 1708 -sed
582 1642 665 1730 quid
683 1652 850 1728 temptare
866 1642 1024 1708 nocebit?

102 1752 331 1826 descendunt,
349 1752 531 1841 velantque
549 1760 664 1838 caput,
684 1750 885 1838 tunicasque
902 1752 1097 1838 recingunt,

103 1870 143 1935 et¹
150 1860 264 1946 jussos
280 1857 413 1942 lapides
430 1878 492 1921 sua
510 1868 585 1941 post
599 1856 744 1943 vestigia
761 1857 908 1950 mittunt.

103 1986 191 2031 saxa
203 1965 336 2051 -quis
353 1965 419 2028 hoc
435 1963 564 2038 credat,
582 1962 646 2027 nisi
663 1963 707 2029 sit
722 1985 785 2048 pro
800 1974 884 2030 teste
900 1962 1073 2031 vetustas?
1083 2002 1129 2015 -

102 2093 232 2159 ponere
249 2070 406 2135 duritiem
423 2090 567 2155 coepere
585 2058 755 2158 suumque
772 2071 935 2159 rigorem,

102 2178 298 2265 mollirique
315 2195 422 2251 mora,
438 2166 640 2267 mollitaque
657 2178 783 2243 ducere
800 2174 960 2245 sormam.

103 2306 200 2357 mox,
218 2283 276 2347 ubi
293 2292 486 2357 creverunt,
504 2294 695 2370 naturaque
712 2285 824 2349 mitior
840 2286 907 2351 illis

103 2390 258 2477 contigit,
277 2400 314 2454 ut
329 2390 515 2475 quaedam,
534 2389 583 2454 sic
599 2411 669 2457 non
687 2391 880 2468 manifesta,
898 2392 1007 2472 videri

102 2496 215 2562 forma
232 2505 341 2581 potest
357 2494 516 2582 hominis,
536 2497 596 2561 sed
614 2496 662 2561 uti
679 2498 723 2563 de
740 2502 910 2565 marmore
927 2510 1063 2585 coepto,
1104 2530 1157 2585 405

102 2622 173 2665 non
188 2611 312 2689 exacta
328 2584 428 2683 satior
442 2598 651 2694 rudibusque
668 2602 842 2666 simillima
859 2604 981 2689 signis.

103 2728 192 2794 quae
208 2718 324 2771 tamen
341 2692 466 2775 exiliis
484 2706 599 2791 aliquo
616 2728 697 2791 pars
714 2708 856 2773 humida
873 2730 956 2775 suco
1010 2703 1012 2708 ’

104 2826 137 2879 et
151 2826 287 2878 terrena
304 2811 378 2889 suit,
395 2834 495 2878 versa
512 2812 613 2889 estin
629 2814 785 2900 corporis
799 2838 921 2883 usum:

102 2921 194 3007 quod
212 2919 359 2985 solidum
376 2931 426 2985 est
441 2919 600 3007 flectique
617 2923 747 3009 nequit,
765 2935 914 2989 mutatur
930 2924 964 2989 in
981 2946 1081 2999 ossa3

102 3046 192 3113 quae
210 3027 311 3119 modo
326 3013 417 3091 vena
433 3026 508 3102 fuit,
523 3030 588 3093 sub
604 3030 727 3094 eodem
743 3027 882 3095 nomine
898 3030 1023 3096 mansit
1033 3051 1043 3105 ;
1104 3061 1158 3114 410

101 3132 206 3220 inque
222 3128 318 3197 brevi
336 3132 446 3217 spatio
463 3155 664 3220 superorum
681 3136 823 3201 numine
839 3158 925 3221 saxa

101 3224 206 3304 missa
222 3237 287 3302 viri
305 3239 465 3305 manibus
481 3234 605 3305 faciem
622 3254 758 3307 traxere
773 3242 937 3320 virorum,

100 3357 133 3409 et
148 3346 191 3410 de
209 3344 360 3410 femineo
377 3359 535 3431 reparata
553 3358 604 3413 est
619 3347 749 3413 semina
761 3348 869 3437 jactu.

37 3454 42 3467 '
99 3450 178 3517 inde
196 3473 311 3539 genus
328 3452 451 3517 durum
470 3456 589 3518 ‘sumus
605 3455 855 3542 experiensque
870 3455 1041 3533 laborum,

98 3569 131 3623 et
143 3558 359 3639 documenta
376 3558 512 3636 damus,
529 3580 598 3649 qua
614 3559 722 3626 simus
736 3560 873 3649 origine
889 3562 970 3627 nati.
1103 3590 1154 3647 415
