2767 4467
129 259 308 332 v111.676.]
395 243 510 311 Their
531 241 683 311 Humble
705 242 937 333 Hospr'talr'ty.
1144 244 1193 334 89

130 462 196 527 quo
211 439 442 531 superinjecit
458 449 589 508 textum
606 440 690 506 rude
706 438 826 507 sedula
843 439 983 518 Baucis,
1139 457 1193 525 640

129 546 207 612 inde
223 547 304 613 foco
322 547 480 631 tepidum
497 546 649 612 cinerem
666 546 821 623 dimovit,
839 557 872 612 et
887 548 988 636 ignes

131 653 272 719 suscitat
287 655 484 730 hesternos,
503 652 662 740 foliisque
677 663 711 720 et
725 653 851 720 cortice
868 652 960 721 sicco

132 764 248 838 nutrit,
267 772 300 827 et
315 763 361 828 ad
377 761 538 826 flammas
556 762 671 827 anima
687 761 844 848 producit
860 762 955 841 anili,

133 870 390 956 multifidasque
405 868 503 933 faces
519 869 731 955 ramaliaque
749 867 845 933 arida
862 879 951 936 tecto

133 975 265 1050 detulit,
284 987 319 1040 et
334 974 470 1050 minuit,
488 993 663 1059 parvoque
680 973 831 1039 admovit
847 979 947 1040 aeno.
1139 989 1191 1061 645

133 1081 293 1168 quodque
310 1103 394 1146 suus
410 1079 563 1167 conjunx
579 1080 679 1166 riguo
696 1080 883 1166 collegerat
899 1080 1009 1156 horto,

133 1196 270 1251 truncat
285 1187 364 1252 olus
381 1185 482 1252 soliis.
531 1185 647 1252 Furca
662 1185 753 1251 levat
767 1185 826 1250 ille
843 1168 973 1251 bicorni

134 1293 274 1359 sordida
291 1305 393 1378 terga
410 1292 480 1358 suis
496 1292 596 1380 nigro
613 1291 798 1378 pendentia
816 1291 914 1380 tigno
924 1315 933 1368 3

135 1410 341 1486 servatoque
358 1399 418 1463 diu
433 1409 567 1465 resecat
583 1399 625 1465 de
642 1410 779 1484 tergore
796 1410 927 1483 partem

133 1501 314 1588 exiguam,
332 1511 533 1587 sectamque
548 1502 666 1566 domat
682 1499 889 1566 ferventibus
905 1501 1019 1569 undis.
1139 1517 1193 1586 650

176 1607 318 1672 Interea
336 1607 470 1672 medias
486 1607 608 1672 fallunt
623 1607 840 1672 sermonibus
856 1608 972 1685 horas,

133 1714 406 1800 concutiuntque
422 1724 533 1778 torum
551 1714 594 1779 de
611 1713 705 1779 molli
722 1711 874 1780 fluminis
890 1713 971 1779 ulva
1140 1729 1191 1802 655

132 1819 335 1905 impositum
353 1818 455 1895 lecto,
473 1819 606 1905 sponda
622 1819 836 1907 pedibusque
853 1819 1009 1910 salignis.

134 1927 289 1992 vestibus
306 1927 400 1991 hunc
416 1927 545 2002 velant,
563 1947 649 2012 quas
667 1948 735 1993 non
752 1927 818 1992 nisi
834 1938 987 2013 tempore
1004 1928 1090 1994 festo

135 2044 288 2097 sternere
306 2043 535 2107 consuerant;
559 2033 619 2098 sed
637 2043 671 2099 et
686 2035 774 2100 haec
790 2033 933 2122 vilisque
950 2045 1116 2122 vetusque

134 2138 239 2204 vestis
256 2148 342 2214 erat,
360 2139 449 2204 lecto
466 2161 534 2204 non
551 2139 765 2227 indignanda
782 2141 930 2227 saligno.

181 2243 390 2310 Accubuere
406 2245 476 2310 dei.
524 2245 686 2311 Mensam
703 2247 876 2312 succincta
892 2258 1110 2335 tremensque
1138 2263 1192 2318 660

133 2351 233 2437 ponit
248 2372 359 2416 anus:
383 2372 525 2417 mensae
541 2353 602 2418 sed
619 2365 691 2419 erat
707 2374 769 2438 pes
785 2353 901 2418 tertius
917 2352 1050 2438 impar:

133 2468 222 2523 testa
238 2478 359 2542 parem
375 2456 467 2523 fecit.
517 2455 619 2541 Quae
636 2472 816 2546 postquam
834 2459 969 2525 subdita
986 2457 1113 2522 clivum

134 2565 286 2639 sustulit,
305 2575 489 2649 aequatam
505 2577 641 2630 mentae
658 2577 786 2630 tersere
802 2565 964 2630 virentes.

133 2671 274 2757 ponitur
290 2670 348 2735 hic
362 2670 494 2734 bicolor
509 2671 665 2737 sincerae
679 2672 771 2736 baca
786 2670 989 2743 Minervae3

133 2775 344 2862 conditaque
360 2775 396 2840 in
413 2776 543 2862 liquida
559 2796 664 2843 coma
682 2776 894 2842 autumnalia
911 2775 1029 2852 saece3
1138 2793 1189 2864 665

133 2882 327 2969 intibaque,
344 2893 378 2946 et
393 2883 506 2958 radix,
525 2895 558 2949 et
574 2884 672 2950 lactis
688 2905 802 2949 massa
819 2882 941 2960 coacti,

134 3009 271 3074 ovaque
288 3009 357 3053 non
375 2988 446 3053 acri
462 2989 583 3056 leviter
596 3002 732 3056 versata
747 2990 879 3066 favilla,
890 3027 935 3040 -

133 3094 252 3160 omnia
269 3093 444 3160 fictilibus.
491 3095 574 3162 Post
590 3097 676 3161 haec
692 3097 845 3161 caelatus
862 3096 983 3162 eodem

134 3201 265 3266 sistitur
281 3213 426 3288 argento
443 3214 567 3279 crater,
584 3202 818 3289 fabricataque
834 3202 916 3289 sago

22 3399 23 3404 γ
134 3307 275 3394 pocula,
293 3328 363 3394 qua
379 3329 467 3373 cava
482 3321 573 3385 sunt,
592 3309 796 3374 flaventibus
812 3309 895 3374 illita
912 3309 1013 3375 ceris.
1138 3323 1190 3391 670

180 3413 296 3478 Parva
313 3435 411 3479 mora
427 3425 490 3491 est,
509 3415 697 3502 epulasque
712 3415 780 3480 soci
799 3415 921 3480 misere
937 3416 1104 3488 calentes,

134 3541 201 3592 nec
217 3521 347 3608 longae
364 3542 483 3584 rursus
498 3521 691 3585 reseruntur
706 3521 787 3584 vina
803 3531 976 3592 senectae,

135 3628 288 3714 dantque
305 3627 420 3692 locum
439 3626 566 3690 mensis
583 3628 723 3711 paulum
742 3626 881 3692 seducta
898 3621 1071 3689 secundis.

135 3735 191 3799 hic
208 3757 295 3809 nux,
315 3733 373 3797 hic
390 3732 496 3796 mixta
513 3743 564 3796 est
579 3733 715 3820 rugosis
733 3732 845 3795 carica
863 3728 1000 3814 palmiS,

135 3860 333 3928 prunaque,
351 3848 386 3901 et
400 3837 435 3902 in
452 3838 577 3923 patulis
593 3837 781 3903 redolentia
799 3836 890 3897 mala
906 3831 1075 3908 canistris,
1139 3848 1190 3915 675

136 3959 170 4014 et
184 3949 229 4013 de
245 3942 431 4033 purpureis
447 3943 611 4008 collectae
626 3942 753 4006 vitibus
768 3959 868 4000 uvae.
