<?xml version="1.0" encoding="UTF-8"?>
<!DOCTYPE html PUBLIC "-//W3C//DTD XHTML 1.0 Transitional//EN"
    "http://www.w3.org/TR/xhtml1/DTD/xhtml1-transitional.dtd">
<html xmlns="http://www.w3.org/1999/xhtml" xml:lang="en" lang="en">
 <head>
  <title>
</title>
<meta http-equiv="Content-Type" content="text/html;charset=utf-8" />
  <meta name='ocr-system' content='tesseract 3.04.00' />
  <meta name='ocr-capabilities' content='ocr_page ocr_carea ocr_par ocr_line ocrx_word'/>
</head>
<body>
  <div class='ocr_page' id='page_1' title='image "./poemataquaedame01ovidgoog_0118.png"; bbox 0 0 2767 4467; ppageno 0'>
   <div class='ocr_carea' id='block_1_1' title="bbox 192 304 1242 396">
    <p class='ocr_par' dir='ltr' id='par_1_1' title="bbox 192 304 1242 396">
     <span class='ocr_line' id='line_1_1' title="bbox 192 304 1242 396; baseline 0.008 -24"><span class='ocrx_word' id='word_1_1' title='bbox 192 322 258 394; x_wconf 87' lang='lat'>104</span> <span class='ocrx_word' id='word_1_2' title='bbox 480 304 554 374; x_wconf 74' lang='lat' dir='ltr'>Tae</span> <span class='ocrx_word' id='word_1_3' title='bbox 575 304 696 373; x_wconf 70' lang='lat' dir='ltr'>Denta</span> <span class='ocrx_word' id='word_1_4' title='bbox 719 307 769 393; x_wconf 64' lang='lat' dir='ltr'>(ff</span> <span class='ocrx_word' id='word_1_5' title='bbox 786 305 958 396; x_wconf 64' lang='lat' dir='ltr'>Orpheus.</span> <span class='ocrx_word' id='word_1_6' title='bbox 1103 322 1242 394; x_wconf 75' lang='lat' dir='ltr'>[Menan</span> 
     </span>
    </p>
   </div>
   <div class='ocr_carea' id='block_1_2' title="bbox 382 585 1047 656">
    <p class='ocr_par' dir='ltr' id='par_1_2' title="bbox 382 585 1047 656">
     <span class='ocr_line' id='line_1_2' title="bbox 382 585 1047 656; baseline 0.002 -4"><span class='ocrx_word' id='word_1_7' title='bbox 382 585 483 652; x_wconf 88' lang='lat' dir='ltr'><strong>XVI.</strong></span> <span class='ocrx_word' id='word_1_8' title='bbox 515 587 601 652; x_wconf 80' lang='lat' dir='ltr'>Tun</span> <span class='ocrx_word' id='word_1_9' title='bbox 626 587 764 654; x_wconf 68' lang='lat' dir='ltr'>Danas</span> <span class='ocrx_word' id='word_1_10' title='bbox 788 608 834 654; x_wconf 79' lang='lat' dir='ltr'>or</span> <span class='ocrx_word' id='word_1_11' title='bbox 857 587 1047 656; x_wconf 77' lang='lat' dir='ltr'>Onrusus.</span> 
     </span>
    </p>
   </div>
   <div class='ocr_carea' id='block_1_3' title="bbox 558 783 882 856">
    <p class='ocr_par' dir='ltr' id='par_1_3' title="bbox 558 783 882 856">
     <span class='ocr_line' id='line_1_3' title="bbox 558 783 882 856; baseline 0.009 -19"><span class='ocrx_word' id='word_1_12' title='bbox 558 783 663 854; x_wconf 85' lang='lat' dir='ltr'>[Boox</span> <span class='ocrx_word' id='word_1_13' title='bbox 681 785 882 856; x_wconf 84' lang='lat' dir='ltr'>x1.-1-84.]</span> 
     </span>
    </p>
   </div>
   <div class='ocr_carea' id='block_1_4' title="bbox 189 952 1246 1462">
    <p class='ocr_par' dir='ltr' id='par_1_4' title="bbox 189 952 1246 1462">
     <span class='ocr_line' id='line_1_4' title="bbox 243 952 1243 1032; baseline 0 -22"><span class='ocrx_word' id='word_1_14' title='bbox 243 957 340 1011; x_wconf 76' lang='lat' dir='ltr'>S&#39;rrnn</span> <span class='ocrx_word' id='word_1_15' title='bbox 358 955 512 1026; x_wconf 83' lang='lat' dir='ltr'><strong>lamenting</strong></span> <span class='ocrx_word' id='word_1_16' title='bbox 530 954 559 1008; x_wconf 91' lang='lat' dir='ltr'>in</span> <span class='ocrx_word' id='word_1_17' title='bbox 577 952 699 1032; x_wconf 88' lang='lat' dir='ltr'>solitude</span> <span class='ocrx_word' id='word_1_18' title='bbox 718 953 761 1007; x_wconf 82' lang='lat' dir='ltr'>ior</span> <span class='ocrx_word' id='word_1_19' title='bbox 772 954 818 1008; x_wconf 90' lang='lat' dir='ltr'>his</span> <span class='ocrx_word' id='word_1_20' title='bbox 831 955 887 1009; x_wconf 94' lang='lat' dir='ltr'>lost</span> <span class='ocrx_word' id='word_1_21' title='bbox 904 954 1052 1027; x_wconf 84' lang='lat' dir='ltr'>Eurydice,</span> <span class='ocrx_word' id='word_1_22' title='bbox 1068 955 1200 1026; x_wconf 88' lang='lat' dir='ltr'>Orpheus</span> <span class='ocrx_word' id='word_1_23' title='bbox 1220 957 1243 1011; x_wconf 91' lang='lat' dir='ltr'>is</span> 
     </span>
     <span class='ocr_line' id='line_1_5' title="bbox 189 1040 1244 1114; baseline -0.001 -18"><span class='ocrx_word' id='word_1_24' title='bbox 189 1042 311 1096; x_wconf 85' lang='lat' dir='ltr'>assailed</span> <span class='ocrx_word' id='word_1_25' title='bbox 332 1043 361 1096; x_wconf 91' lang='lat' dir='ltr'>in</span> <span class='ocrx_word' id='word_1_26' title='bbox 381 1060 399 1097; x_wconf 92' lang='lat' dir='ltr'>a</span> <span class='ocrx_word' id='word_1_27' title='bbox 422 1042 516 1114; x_wconf 84' lang='lat' dir='ltr'>irenzy</span> <span class='ocrx_word' id='word_1_28' title='bbox 536 1041 575 1113; x_wconf 93' lang='lat' dir='ltr'>by</span> <span class='ocrx_word' id='word_1_29' title='bbox 596 1040 643 1095; x_wconf 90' lang='lat' dir='ltr'>the</span> <span class='ocrx_word' id='word_1_30' title='bbox 663 1056 771 1095; x_wconf 84' lang='lat' dir='ltr'>women</span> <span class='ocrx_word' id='word_1_31' title='bbox 791 1041 824 1095; x_wconf 85' lang='lat' dir='ltr'>oi</span> <span class='ocrx_word' id='word_1_32' title='bbox 838 1041 956 1109; x_wconf 86' lang='lat' dir='ltr'>Thrace,</span> <span class='ocrx_word' id='word_1_33' title='bbox 976 1042 1040 1095; x_wconf 88' lang='lat' dir='ltr'>who</span> <span class='ocrx_word' id='word_1_34' title='bbox 1059 1050 1119 1097; x_wconf 88' lang='lat' dir='ltr'>tear</span> <span class='ocrx_word' id='word_1_35' title='bbox 1139 1044 1197 1095; x_wconf 87' lang='lat' dir='ltr'>him</span> <span class='ocrx_word' id='word_1_36' title='bbox 1217 1044 1244 1096; x_wconf 92' lang='lat' dir='ltr'>in</span> 
     </span>
     <span class='ocr_line' id='line_1_6' title="bbox 189 1126 1246 1199; baseline 0.002 -19"><span class='ocrx_word' id='word_1_37' title='bbox 189 1129 301 1198; x_wconf 89' lang='lat' dir='ltr'>pieces;</span> <span class='ocrx_word' id='word_1_38' title='bbox 320 1147 353 1184; x_wconf 93' lang='lat' dir='ltr'>so</span> <span class='ocrx_word' id='word_1_39' title='bbox 368 1131 428 1185; x_wconf 88' lang='lat' dir='ltr'>that</span> <span class='ocrx_word' id='word_1_40' title='bbox 439 1130 520 1184; x_wconf 88' lang='lat' dir='ltr'>while</span> <span class='ocrx_word' id='word_1_41' title='bbox 539 1128 584 1182; x_wconf 93' lang='lat' dir='ltr'>his</span> <span class='ocrx_word' id='word_1_42' title='bbox 604 1126 680 1199; x_wconf 87' lang='lat' dir='ltr'>body</span> <span class='ocrx_word' id='word_1_43' title='bbox 691 1128 717 1180; x_wconf 88' lang='lat' dir='ltr'>is</span> <span class='ocrx_word' id='word_1_44' title='bbox 735 1126 823 1182; x_wconf 88' lang='lat' dir='ltr'>borne</span> <span class='ocrx_word' id='word_1_45' title='bbox 841 1144 918 1197; x_wconf 90' lang='lat' dir='ltr'>upon</span> <span class='ocrx_word' id='word_1_46' title='bbox 936 1127 983 1182; x_wconf 92' lang='lat' dir='ltr'>the</span> <span class='ocrx_word' id='word_1_47' title='bbox 1003 1128 1128 1195; x_wconf 82' lang='lat' dir='ltr'>Hebrus,</span> <span class='ocrx_word' id='word_1_48' title='bbox 1142 1130 1199 1183; x_wconf 89' lang='lat' dir='ltr'>and</span> <span class='ocrx_word' id='word_1_49' title='bbox 1217 1139 1246 1183; x_wconf 90' lang='lat' dir='ltr'>to</span> 
     </span>
     <span class='ocr_line' id='line_1_7' title="bbox 189 1214 1245 1287; baseline 0.001 -18"><span class='ocrx_word' id='word_1_50' title='bbox 189 1217 237 1270; x_wconf 92' lang='lat' dir='ltr'>the</span> <span class='ocrx_word' id='word_1_51' title='bbox 250 1217 301 1271; x_wconf 91' lang='lat' dir='ltr'>isle</span> <span class='ocrx_word' id='word_1_52' title='bbox 313 1217 345 1271; x_wconf 81' lang='lat' dir='ltr'>oi</span> <span class='ocrx_word' id='word_1_53' title='bbox 362 1218 477 1283; x_wconf 86' lang='lat' dir='ltr'>Lesbos,</span> <span class='ocrx_word' id='word_1_54' title='bbox 491 1218 535 1270; x_wconf 90' lang='lat' dir='ltr'>his</span> <span class='ocrx_word' id='word_1_55' title='bbox 548 1215 637 1270; x_wconf 89' lang='lat' dir='ltr'>shade</span> <span class='ocrx_word' id='word_1_56' title='bbox 650 1215 779 1287; x_wconf 88' lang='lat' dir='ltr'>securely</span> <span class='ocrx_word' id='word_1_57' title='bbox 795 1214 872 1286; x_wconf 89' lang='lat' dir='ltr'>joins</span> <span class='ocrx_word' id='word_1_58' title='bbox 885 1215 954 1270; x_wconf 50' lang='lat' dir='ltr'>that*</span> <span class='ocrx_word' id='word_1_59' title='bbox 963 1214 996 1269; x_wconf 82' lang='lat' dir='ltr'>ot&#39;</span> <span class='ocrx_word' id='word_1_60' title='bbox 1009 1216 1054 1269; x_wconf 92' lang='lat' dir='ltr'>his</span> <span class='ocrx_word' id='word_1_61' title='bbox 1068 1215 1131 1270; x_wconf 81' lang='lat' dir='ltr'>wile</span> <span class='ocrx_word' id='word_1_62' title='bbox 1150 1216 1180 1268; x_wconf 91' lang='lat' dir='ltr'>in</span> <span class='ocrx_word' id='word_1_63' title='bbox 1199 1217 1245 1270; x_wconf 90' lang='lat' dir='ltr'>the</span> 
     </span>
     <span class='ocr_line' id='line_1_8' title="bbox 191 1301 1245 1374; baseline 0.003 -20"><span class='ocrx_word' id='word_1_64' title='bbox 191 1303 308 1374; x_wconf 86' lang='lat' dir='ltr'>Elysian</span> <span class='ocrx_word' id='word_1_65' title='bbox 328 1304 422 1358; x_wconf 78' lang='lat' dir='ltr'>Pields</span> <span class='ocrx_word' id='word_1_66' title='bbox 440 1302 615 1371; x_wconf 89' lang='lat' dir='ltr'>(Xl.1-66);</span> <span class='ocrx_word' id='word_1_67' title='bbox 635 1302 682 1356; x_wconf 92' lang='lat' dir='ltr'>the</span> <span class='ocrx_word' id='word_1_68' title='bbox 701 1317 810 1355; x_wconf 84' lang='lat' dir='ltr'>women</span> <span class='ocrx_word' id='word_1_69' title='bbox 823 1302 886 1356; x_wconf 83' lang='lat' dir='ltr'>who</span> <span class='ocrx_word' id='word_1_70' title='bbox 904 1301 959 1356; x_wconf 86' lang='lat' dir='ltr'>had</span> <span class='ocrx_word' id='word_1_71' title='bbox 978 1302 1081 1357; x_wconf 87' lang='lat' dir='ltr'>caused</span> <span class='ocrx_word' id='word_1_72' title='bbox 1099 1303 1145 1357; x_wconf 90' lang='lat' dir='ltr'>his</span> <span class='ocrx_word' id='word_1_73' title='bbox 1163 1303 1245 1357; x_wconf 87' lang='lat' dir='ltr'>death</span> 
     </span>
     <span class='ocr_line' id='line_1_9' title="bbox 189 1388 880 1462; baseline -0.003 -18"><span class='ocrx_word' id='word_1_74' title='bbox 189 1388 274 1459; x_wconf 85' lang='lat' dir='ltr'>being</span> <span class='ocrx_word' id='word_1_75' title='bbox 286 1390 324 1460; x_wconf 92' lang='lat' dir='ltr'>by</span> <span class='ocrx_word' id='word_1_76' title='bbox 335 1389 464 1445; x_wconf 89' lang='lat' dir='ltr'>Bacchus</span> <span class='ocrx_word' id='word_1_77' title='bbox 477 1390 605 1462; x_wconf 87' lang='lat' dir='ltr'>changed</span> <span class='ocrx_word' id='word_1_78' title='bbox 618 1397 647 1443; x_wconf 88' lang='lat' dir='ltr'>to</span> <span class='ocrx_word' id='word_1_79' title='bbox 660 1396 735 1444; x_wconf 85' lang='lat' dir='ltr'>trees</span> <span class='ocrx_word' id='word_1_80' title='bbox 750 1388 880 1458; x_wconf 84' lang='lat'>(67-84).</span> 
     </span>
    </p>
   </div>
   <div class='ocr_carea' id='block_1_5' title="bbox 156 1557 1242 4099">
    <p class='ocr_par' dir='ltr' id='par_1_5' title="bbox 156 1557 1242 4099">
     <span class='ocr_line' id='line_1_10' title="bbox 194 1557 1154 1704; baseline 0.001 -78"><span class='ocrx_word' id='word_1_81' title='bbox 194 1557 465 1704; x_wconf 82' lang='lat' dir='ltr'><strong>CARMINE</strong></span> <span class='ocrx_word' id='word_1_82' title='bbox 488 1562 570 1628; x_wconf 87' lang='lat' dir='ltr'>dum</span> <span class='ocrx_word' id='word_1_83' title='bbox 587 1561 646 1628; x_wconf 91' lang='lat' dir='ltr'>tali</span> <span class='ocrx_word' id='word_1_84' title='bbox 663 1561 768 1628; x_wconf 85' lang='lat' dir='ltr'>silvas</span> <span class='ocrx_word' id='word_1_85' title='bbox 786 1559 987 1647; x_wconf 88' lang='lat' dir='ltr'>animosque</span> <span class='ocrx_word' id='word_1_86' title='bbox 1002 1561 1154 1628; x_wconf 83' lang='lat' dir='ltr'>ferarum</span> 
     </span>
     <span class='ocr_line' id='line_1_11' title="bbox 286 1651 1050 1754; baseline 0.003 -22"><span class='ocrx_word' id='word_1_87' title='bbox 286 1668 470 1734; x_wconf 86' lang='lat' dir='ltr'>Threicius</span> <span class='ocrx_word' id='word_1_88' title='bbox 486 1651 582 1735; x_wconf 67' lang='lat' dir='ltr'>dates</span> <span class='ocrx_word' id='word_1_89' title='bbox 597 1679 631 1734; x_wconf 89' lang='lat' dir='ltr'>et</span> <span class='ocrx_word' id='word_1_90' title='bbox 646 1689 733 1734; x_wconf 89' lang='lat' dir='ltr'>saxa</span> <span class='ocrx_word' id='word_1_91' title='bbox 750 1667 928 1754; x_wconf 84' lang='lat' dir='ltr'>sequentia</span> <span class='ocrx_word' id='word_1_92' title='bbox 944 1667 1050 1744; x_wconf 91' lang='lat' dir='ltr'>ducit,</span> 
     </span>
     <span class='ocr_line' id='line_1_12' title="bbox 193 1774 1052 1862; baseline -0.002 -21"><span class='ocrx_word' id='word_1_93' title='bbox 193 1795 275 1841; x_wconf 90' lang='lat' dir='ltr'>ecce</span> <span class='ocrx_word' id='word_1_94' title='bbox 291 1797 397 1841; x_wconf 87' lang='lat' dir='ltr'>nurus</span> <span class='ocrx_word' id='word_1_95' title='bbox 413 1774 597 1852; x_wconf 88' lang='lat' dir='ltr'>Ciconum,</span> <span class='ocrx_word' id='word_1_96' title='bbox 614 1785 723 1841; x_wconf 85' lang='lat' dir='ltr'>tectae</span> <span class='ocrx_word' id='word_1_97' title='bbox 739 1774 918 1862; x_wconf 86' lang='lat' dir='ltr'>lymphata</span> <span class='ocrx_word' id='word_1_98' title='bbox 935 1774 1052 1840; x_wconf 80' lang='lat' dir='ltr'>ferinis</span> 
     </span>
     <span class='ocr_line' id='line_1_13' title="bbox 189 1879 1048 1967; baseline 0 -21"><span class='ocrx_word' id='word_1_99' title='bbox 189 1893 330 1967; x_wconf 86' lang='lat' dir='ltr'>pectora</span> <span class='ocrx_word' id='word_1_100' title='bbox 347 1882 545 1958; x_wconf 88' lang='lat' dir='ltr'>velleribus,</span> <span class='ocrx_word' id='word_1_101' title='bbox 561 1882 683 1947; x_wconf 89' lang='lat' dir='ltr'>tumuli</span> <span class='ocrx_word' id='word_1_102' title='bbox 701 1881 744 1947; x_wconf 91' lang='lat' dir='ltr'>de</span> <span class='ocrx_word' id='word_1_103' title='bbox 760 1879 888 1946; x_wconf 90' lang='lat' dir='ltr'>vertice</span> <span class='ocrx_word' id='word_1_104' title='bbox 905 1889 1048 1946; x_wconf 88' lang='lat' dir='ltr'>cernunt</span> 
     </span>
     <span class='ocr_line' id='line_1_14' title="bbox 191 1985 1050 2074; baseline 0 -22"><span class='ocrx_word' id='word_1_105' title='bbox 191 1988 348 2074; x_wconf 88' lang='lat' dir='ltr'>Orphea,</span> <span class='ocrx_word' id='word_1_106' title='bbox 366 1988 537 2074; x_wconf 87' lang='lat' dir='ltr'>percussis</span> <span class='ocrx_word' id='word_1_107' title='bbox 552 1988 740 2054; x_wconf 85' lang='lat' dir='ltr'>sociantem</span> <span class='ocrx_word' id='word_1_108' title='bbox 757 1986 911 2052; x_wconf 89' lang='lat' dir='ltr'>carmina</span> <span class='ocrx_word' id='word_1_109' title='bbox 927 1985 1050 2052; x_wconf 82' lang='lat' dir='ltr'>nervis</span> 
     </span>
     <span class='ocr_line' id='line_1_15' title="bbox 188 2094 1062 2183; baseline -0.003 -23"><span class='ocrx_word' id='word_1_110' title='bbox 188 2095 348 2181; x_wconf 91' lang='lat' dir='ltr'>equibus</span> <span class='ocrx_word' id='word_1_111' title='bbox 364 2115 448 2171; x_wconf 87' lang='lat' dir='ltr'>una,</span> <span class='ocrx_word' id='word_1_112' title='bbox 466 2095 578 2160; x_wconf 88' lang='lat' dir='ltr'>levem</span> <span class='ocrx_word' id='word_1_113' title='bbox 591 2095 721 2183; x_wconf 82' lang='lat' dir='ltr'>jactato</span> <span class='ocrx_word' id='word_1_114' title='bbox 738 2094 832 2160; x_wconf 87' lang='lat' dir='ltr'>crine</span> <span class='ocrx_word' id='word_1_115' title='bbox 849 2113 912 2179; x_wconf 90' lang='lat' dir='ltr'>per</span> <span class='ocrx_word' id='word_1_116' title='bbox 928 2112 1062 2169; x_wconf 87' lang='lat' dir='ltr'>auram,</span> 
     </span>
     <span class='ocr_line' id='line_1_16' title="bbox 190 2197 1176 2286; baseline 0.001 -20"><span class='ocrx_word' id='word_1_117' title='bbox 190 2199 293 2277; x_wconf 72' lang='lat' dir='ltr'>‘Em&#39;</span> <span class='ocrx_word' id='word_1_118' title='bbox 309 2200 357 2266; x_wconf 91' lang='lat' dir='ltr'>ait</span> <span class='ocrx_word' id='word_1_119' title='bbox 373 2211 383 2242; x_wconf 79' lang='lat'><strong><em>⁴</em></strong></span> <span class='ocrx_word' id='word_1_120' title='bbox 399 2222 443 2267; x_wconf 91' lang='lat' dir='ltr'>en</span> <span class='ocrx_word' id='word_1_121' title='bbox 459 2201 517 2266; x_wconf 92' lang='lat' dir='ltr'>hic</span> <span class='ocrx_word' id='word_1_122' title='bbox 532 2212 583 2266; x_wconf 90' lang='lat' dir='ltr'>est</span> <span class='ocrx_word' id='word_1_123' title='bbox 598 2202 704 2268; x_wconf 85' lang='lat' dir='ltr'>nostri</span> <span class='ocrx_word' id='word_1_124' title='bbox 721 2210 934 2286; x_wconf 87' lang='lat' dir='ltr'>contemptor</span> <span class='ocrx_word' id='word_1_125' title='bbox 946 2197 972 2265; x_wconf 83' lang='lat' dir='ltr'>l&#39;</span> <span class='ocrx_word' id='word_1_126' title='bbox 987 2210 1022 2267; x_wconf 89' lang='lat' dir='ltr'>et</span> <span class='ocrx_word' id='word_1_127' title='bbox 1037 2201 1176 2267; x_wconf 83' lang='lat' dir='ltr'>hastam</span> 
     </span>
     <span class='ocr_line' id='line_1_17' title="bbox 156 2299 874 2394; baseline -0.003 -21"><span class='ocrx_word' id='word_1_128' title='bbox 156 2299 160 2307; x_wconf 70' lang='grc'><em>’</em></span> <span class='ocrx_word' id='word_1_129' title='bbox 188 2307 276 2373; x_wconf 85' lang='lat' dir='ltr'>vatis</span> <span class='ocrx_word' id='word_1_130' title='bbox 293 2306 468 2394; x_wconf 91' lang='lat' dir='ltr'>Apollinei</span> <span class='ocrx_word' id='word_1_131' title='bbox 485 2307 618 2374; x_wconf 90' lang='lat' dir='ltr'>vocalia</span> <span class='ocrx_word' id='word_1_132' title='bbox 634 2308 726 2373; x_wconf 88' lang='lat' dir='ltr'>misit</span> <span class='ocrx_word' id='word_1_133' title='bbox 740 2307 775 2372; x_wconf 94' lang='lat' dir='ltr'>in</span> <span class='ocrx_word' id='word_1_134' title='bbox 792 2328 874 2373; x_wconf 85' lang='lat' dir='ltr'>ora:</span> 
     </span>
     <span class='ocr_line' id='line_1_18' title="bbox 166 2408 1058 2502; baseline 0.001 -23"><span class='ocrx_word' id='word_1_135' title='bbox 166 2408 278 2502; x_wconf 78' lang='lat' dir='ltr'>&#39;quae</span> <span class='ocrx_word' id='word_1_136' title='bbox 295 2414 384 2480; x_wconf 90' lang='lat' dir='ltr'>soliis</span> <span class='ocrx_word' id='word_1_137' title='bbox 401 2426 562 2500; x_wconf 86' lang='lat' dir='ltr'>praesuta</span> <span class='ocrx_word' id='word_1_138' title='bbox 577 2425 692 2480; x_wconf 87' lang='lat' dir='ltr'>notam</span> <span class='ocrx_word' id='word_1_139' title='bbox 710 2414 784 2480; x_wconf 89' lang='lat' dir='ltr'>sine</span> <span class='ocrx_word' id='word_1_140' title='bbox 799 2415 942 2481; x_wconf 88' lang='lat' dir='ltr'>vulnere</span> <span class='ocrx_word' id='word_1_141' title='bbox 958 2413 1058 2481; x_wconf 52' lang='lat' dir='ltr'>fecit(</span> 
     </span>
     <span class='ocr_line' id='line_1_19' title="bbox 234 2519 1068 2608; baseline 0.004 -23"><span class='ocrx_word' id='word_1_142' title='bbox 234 2519 386 2587; x_wconf 90' lang='lat' dir='ltr'>Alterius</span> <span class='ocrx_word' id='word_1_143' title='bbox 401 2521 507 2587; x_wconf 89' lang='lat' dir='ltr'>telum</span> <span class='ocrx_word' id='word_1_144' title='bbox 524 2521 612 2607; x_wconf 92' lang='lat' dir='ltr'>lapis</span> <span class='ocrx_word' id='word_1_145' title='bbox 628 2531 692 2597; x_wconf 90' lang='lat' dir='ltr'>est,</span> <span class='ocrx_word' id='word_1_146' title='bbox 709 2521 767 2607; x_wconf 91' lang='lat' dir='ltr'>qui</span> <span class='ocrx_word' id='word_1_147' title='bbox 786 2520 922 2597; x_wconf 89' lang='lat' dir='ltr'>missus,</span> <span class='ocrx_word' id='word_1_148' title='bbox 941 2521 975 2586; x_wconf 90' lang='lat' dir='ltr'>in</span> <span class='ocrx_word' id='word_1_149' title='bbox 992 2521 1068 2608; x_wconf 93' lang='lat' dir='ltr'>ipso</span> 
     </span>
     <span class='ocr_line' id='line_1_20' title="bbox 190 2616 1022 2714; baseline 0.002 -21"><span class='ocrx_word' id='word_1_150' title='bbox 190 2633 270 2693; x_wconf 69' lang='lat' dir='ltr'>aire</span> <span class='ocrx_word' id='word_1_151' title='bbox 286 2639 455 2694; x_wconf 89' lang='lat' dir='ltr'>concentu</span> <span class='ocrx_word' id='word_1_152' title='bbox 468 2616 582 2693; x_wconf 77' lang='lat' dir='ltr'>&#39;victus</span> <span class='ocrx_word' id='word_1_153' title='bbox 597 2627 760 2713; x_wconf 90' lang='lat' dir='ltr'>vocisque</span> <span class='ocrx_word' id='word_1_154' title='bbox 777 2628 942 2714; x_wconf 90' lang='lat' dir='ltr'>lyraeque</span> <span class='ocrx_word' id='word_1_155' title='bbox 958 2640 1022 2706; x_wconf 90' lang='lat' dir='ltr'>est,</span> 
     </span>
     <span class='ocr_line' id='line_1_21' title="bbox 192 2733 987 2820; baseline 0.006 -22"><span class='ocrx_word' id='word_1_156' title='bbox 192 2755 235 2800; x_wconf 93' lang='lat' dir='ltr'>ac</span> <span class='ocrx_word' id='word_1_157' title='bbox 250 2735 354 2800; x_wconf 91' lang='lat' dir='ltr'>veluti</span> <span class='ocrx_word' id='word_1_158' title='bbox 371 2734 519 2820; x_wconf 87' lang='lat' dir='ltr'>supplex</span> <span class='ocrx_word' id='word_1_159' title='bbox 534 2756 596 2820; x_wconf 87' lang='lat' dir='ltr'>pro</span> <span class='ocrx_word' id='word_1_160' title='bbox 612 2745 681 2799; x_wconf 86' lang='lat' dir='ltr'>tarn</span> <span class='ocrx_word' id='word_1_161' title='bbox 699 2733 877 2801; x_wconf 82' lang='lat' dir='ltr'>furialibus</span> <span class='ocrx_word' id='word_1_162' title='bbox 894 2737 987 2803; x_wconf 90' lang='lat' dir='ltr'>ausis</span> 
     </span>
     <span class='ocr_line' id='line_1_22' title="bbox 192 2839 1127 2927; baseline 0.009 -23"><span class='ocrx_word' id='word_1_163' title='bbox 192 2851 271 2905; x_wconf 86' lang='lat' dir='ltr'>ante</span> <span class='ocrx_word' id='word_1_164' title='bbox 287 2841 393 2926; x_wconf 90' lang='lat' dir='ltr'>pedes</span> <span class='ocrx_word' id='word_1_165' title='bbox 405 2840 525 2927; x_wconf 88' lang='lat' dir='ltr'>jacuit.</span> <span class='ocrx_word' id='word_1_166' title='bbox 574 2839 753 2906; x_wconf 88' lang='lat' dir='ltr'>Sedenim</span> <span class='ocrx_word' id='word_1_167' title='bbox 770 2843 951 2908; x_wconf 86' lang='lat' dir='ltr'>temeraria</span> <span class='ocrx_word' id='word_1_168' title='bbox 968 2856 1127 2912; x_wconf 88' lang='lat' dir='ltr'>crescunt</span> 
     </span>
     <span class='ocr_line' id='line_1_23' title="bbox 188 2945 1117 3042; baseline 0.009 -31"><span class='ocrx_word' id='word_1_169' title='bbox 188 2945 294 3021; x_wconf 92' lang='lat' dir='ltr'>bella,</span> <span class='ocrx_word' id='word_1_170' title='bbox 314 2947 502 3032; x_wconf 89' lang='lat' dir='ltr'>modusque</span> <span class='ocrx_word' id='word_1_171' title='bbox 519 2946 640 3021; x_wconf 89' lang='lat' dir='ltr'>abiit,</span> <span class='ocrx_word' id='word_1_172' title='bbox 630 2968 822 3036; x_wconf 81' lang='lat' dir='ltr'>insanaque</span> <span class='ocrx_word' id='word_1_173' title='bbox 838 2964 962 3042; x_wconf 84' lang='lat' dir='ltr'>regnat</span> <span class='ocrx_word' id='word_1_174' title='bbox 977 2953 1117 3041; x_wconf 75' lang='lat' dir='ltr'>Erinys</span> 
     </span>
     <span class='ocr_line' id='line_1_24' title="bbox 232 3050 1242 3150; baseline 0.015 -33"><span class='ocrx_word' id='word_1_175' title='bbox 232 3050 437 3137; x_wconf 87' lang='lat' dir='ltr'>Cunctaque</span> <span class='ocrx_word' id='word_1_176' title='bbox 453 3052 520 3116; x_wconf 87' lang='lat' dir='ltr'>tela</span> <span class='ocrx_word' id='word_1_177' title='bbox 536 3052 647 3118; x_wconf 83' lang='lat' dir='ltr'>forent</span> <span class='ocrx_word' id='word_1_178' title='bbox 663 3067 765 3121; x_wconf 88' lang='lat' dir='ltr'>cantu</span> <span class='ocrx_word' id='word_1_179' title='bbox 784 3059 934 3136; x_wconf 87' lang='lat' dir='ltr'>mollita;</span> <span class='ocrx_word' id='word_1_180' title='bbox 959 3061 1045 3126; x_wconf 89' lang='lat' dir='ltr'>sed</span> <span class='ocrx_word' id='word_1_181' title='bbox 1037 3081 1162 3149; x_wconf 80' lang='lat' dir='ltr'>ingens</span> <span class='ocrx_word' id='word_1_182' title='bbox 1211 3092 1242 3150; x_wconf 79' lang='grc' dir='ltr'>ις</span> 
     </span>
     <span class='ocr_line' id='line_1_25' title="bbox 188 3156 988 3248; baseline 0.011 -25"><span class='ocrx_word' id='word_1_183' title='bbox 188 3158 320 3223; x_wconf 89' lang='lat' dir='ltr'>clamor</span> <span class='ocrx_word' id='word_1_184' title='bbox 336 3167 368 3221; x_wconf 90' lang='lat' dir='ltr'>et</span> <span class='ocrx_word' id='word_1_185' title='bbox 384 3156 528 3224; x_wconf 89' lang='lat' dir='ltr'>infracto</span> <span class='ocrx_word' id='word_1_186' title='bbox 544 3157 754 3248; x_wconf 84' lang='lat' dir='ltr'>Berecyntia</span> <span class='ocrx_word' id='word_1_187' title='bbox 768 3164 850 3231; x_wconf 87' lang='lat' dir='ltr'>tibia</span> <span class='ocrx_word' id='word_1_188' title='bbox 867 3186 988 3241; x_wconf 91' lang='lat' dir='ltr'>cornu,</span> 
     </span>
     <span class='ocr_line' id='line_1_26' title="bbox 186 3267 1009 3350; baseline 0.012 -22"><span class='ocrx_word' id='word_1_189' title='bbox 186 3275 420 3350; x_wconf 86' lang='lat' dir='ltr'>tympanaque</span> <span class='ocrx_word' id='word_1_190' title='bbox 436 3275 469 3330; x_wconf 90' lang='lat' dir='ltr'>et</span> <span class='ocrx_word' id='word_1_191' title='bbox 484 3267 625 3350; x_wconf 90' lang='lat' dir='ltr'>plausus</span> <span class='ocrx_word' id='word_1_192' title='bbox 641 3281 675 3334; x_wconf 94' lang='lat' dir='ltr'>et</span> <span class='ocrx_word' id='word_1_193' title='bbox 690 3268 842 3336; x_wconf 86' lang='lat' dir='ltr'>Bacchei</span> <span class='ocrx_word' id='word_1_194' title='bbox 861 3273 1009 3338; x_wconf 91' lang='lat' dir='ltr'>ululatus</span> 
     </span>
     <span class='ocr_line' id='line_1_27' title="bbox 187 3371 1097 3465; baseline 0.012 -31"><span class='ocrx_word' id='word_1_195' title='bbox 187 3371 407 3455; x_wconf 88' lang='lat' dir='ltr'>obstrepuere</span> <span class='ocrx_word' id='word_1_196' title='bbox 423 3392 509 3437; x_wconf 90' lang='lat' dir='ltr'>sono</span> <span class='ocrx_word' id='word_1_197' title='bbox 526 3373 689 3441; x_wconf 88' lang='lat' dir='ltr'>citharae.</span> <span class='ocrx_word' id='word_1_198' title='bbox 737 3376 829 3443; x_wconf 89' lang='lat' dir='ltr'>Tum</span> <span class='ocrx_word' id='word_1_199' title='bbox 847 3378 995 3465; x_wconf 90' lang='lat' dir='ltr'>denique</span> <span class='ocrx_word' id='word_1_200' title='bbox 1011 3400 1097 3445; x_wconf 83' lang='lat' dir='ltr'>saxa</span> 
     </span>
     <span class='ocr_line' id='line_1_28' title="bbox 187 3476 932 3571; baseline 0.009 -31"><span class='ocrx_word' id='word_1_201' title='bbox 187 3496 256 3540; x_wconf 93' lang='lat' dir='ltr'>non</span> <span class='ocrx_word' id='word_1_202' title='bbox 272 3476 424 3542; x_wconf 86' lang='lat' dir='ltr'>exauditi</span> <span class='ocrx_word' id='word_1_203' title='bbox 440 3479 630 3547; x_wconf 86' lang='lat' dir='ltr'>rubuerunt</span> <span class='ocrx_word' id='word_1_204' title='bbox 645 3484 816 3571; x_wconf 85' lang='lat' dir='ltr'>sanguine</span> <span class='ocrx_word' id='word_1_205' title='bbox 832 3484 932 3549; x_wconf 89' lang='lat' dir='ltr'>vatis.</span> 
     </span>
     <span class='ocr_line' id='line_1_29' title="bbox 187 3581 1240 3666; baseline 0.011 -20"><span class='ocrx_word' id='word_1_206' title='bbox 187 3601 229 3646; x_wconf 86' lang='lat' dir='ltr'>ac</span> <span class='ocrx_word' id='word_1_207' title='bbox 245 3581 393 3666; x_wconf 82' lang='lat' dir='ltr'>primurn</span> <span class='ocrx_word' id='word_1_208' title='bbox 409 3586 569 3652; x_wconf 88' lang='lat' dir='ltr'>attonitas</span> <span class='ocrx_word' id='word_1_209' title='bbox 586 3587 776 3653; x_wconf 88' lang='lat' dir='ltr'>etiamnum</span> <span class='ocrx_word' id='word_1_210' title='bbox 792 3611 876 3655; x_wconf 91' lang='lat' dir='ltr'>voce</span> <span class='ocrx_word' id='word_1_211' title='bbox 893 3591 1048 3656; x_wconf 89' lang='lat' dir='ltr'>canentis</span> <span class='ocrx_word' id='word_1_212' title='bbox 1207 3623 1240 3664; x_wconf 84' lang='lat'>20</span> 
     </span>
     <span class='ocr_line' id='line_1_30' title="bbox 186 3687 1188 3784; baseline 0.013 -33"><span class='ocrx_word' id='word_1_213' title='bbox 186 3687 384 3754; x_wconf 89' lang='lat' dir='ltr'>innumeras</span> <span class='ocrx_word' id='word_1_214' title='bbox 400 3692 572 3766; x_wconf 88' lang='lat' dir='ltr'>volucres,</span> <span class='ocrx_word' id='word_1_215' title='bbox 592 3715 792 3784; x_wconf 78' lang='lat' dir='ltr'>anguesque</span> <span class='ocrx_word' id='word_1_216' title='bbox 810 3715 1005 3782; x_wconf 84' lang='lat' dir='ltr'>agmenque</span> <span class='ocrx_word' id='word_1_217' title='bbox 1021 3697 1188 3776; x_wconf 85' lang='lat' dir='ltr'>serarum,</span> 
     </span>
     <span class='ocr_line' id='line_1_31' title="bbox 186 3791 1031 3887; baseline 0.012 -32"><span class='ocrx_word' id='word_1_218' title='bbox 186 3791 380 3860; x_wconf 88' lang='lat' dir='ltr'>Maenades</span> <span class='ocrx_word' id='word_1_219' title='bbox 398 3796 530 3882; x_wconf 86' lang='lat' dir='ltr'>Orphei</span> <span class='ocrx_word' id='word_1_220' title='bbox 547 3800 679 3862; x_wconf 88' lang='lat' dir='ltr'>titulum</span> <span class='ocrx_word' id='word_1_221' title='bbox 697 3821 842 3883; x_wconf 88' lang='lat' dir='ltr'>rapuere</span> <span class='ocrx_word' id='word_1_222' title='bbox 858 3803 1031 3887; x_wconf 87' lang='lat' dir='ltr'>triumphi.</span> 
     </span>
     <span class='ocr_line' id='line_1_32' title="bbox 232 3898 1079 3990; baseline 0.014 -28"><span class='ocrx_word' id='word_1_223' title='bbox 232 3898 317 3965; x_wconf 88' lang='lat' dir='ltr'>lnde</span> <span class='ocrx_word' id='word_1_224' title='bbox 334 3903 519 3966; x_wconf 89' lang='lat' dir='ltr'>cruentatis</span> <span class='ocrx_word' id='word_1_225' title='bbox 535 3913 712 3966; x_wconf 87' lang='lat' dir='ltr'>vertuntur</span> <span class='ocrx_word' id='word_1_226' title='bbox 728 3903 763 3966; x_wconf 92' lang='lat' dir='ltr'>in</span> <span class='ocrx_word' id='word_1_227' title='bbox 780 3906 921 3990; x_wconf 87' lang='lat' dir='ltr'>Orphea</span> <span class='ocrx_word' id='word_1_228' title='bbox 938 3909 1079 3988; x_wconf 86' lang='lat' dir='ltr'>dextris,</span> 
     </span>
     <span class='ocr_line' id='line_1_33' title="bbox 187 4006 1020 4099; baseline 0.013 -31"><span class='ocrx_word' id='word_1_229' title='bbox 187 4015 221 4069; x_wconf 89' lang='lat' dir='ltr'>et</span> <span class='ocrx_word' id='word_1_230' title='bbox 236 4011 361 4070; x_wconf 67' lang='lat' dir='ltr'>coeunt</span> <span class='ocrx_word' id='word_1_231' title='bbox 376 4016 413 4070; x_wconf 95' lang='lat' dir='ltr'>ut</span> <span class='ocrx_word' id='word_1_232' title='bbox 430 4028 524 4081; x_wconf 88' lang='lat' dir='ltr'>aves,</span> <span class='ocrx_word' id='word_1_233' title='bbox 541 4006 570 4069; x_wconf 89' lang='lat' dir='ltr'>si</span> <span class='ocrx_word' id='word_1_234' title='bbox 587 4009 726 4092; x_wconf 90' lang='lat' dir='ltr'>quando</span> <span class='ocrx_word' id='word_1_235' title='bbox 742 4009 818 4074; x_wconf 90' lang='lat' dir='ltr'>luce</span> <span class='ocrx_word' id='word_1_236' title='bbox 834 4024 1020 4099; x_wconf 85' lang='lat' dir='ltr'>vagantem</span> 
     </span>
    </p>
   </div>
   <div class='ocr_carea' id='block_1_6' title="bbox 0 0 1388 4467">
    <p class='ocr_par' dir='ltr' id='par_1_6' title="bbox 0 0 1388 4467">
     <span class='ocr_line' id='line_1_34' title="bbox 0 0 1388 4467; baseline 0 0"><span class='ocrx_word' id='word_1_237' title='bbox 0 0 1388 4467; x_wconf 95' lang='lat' dir='ltr'> </span> 
     </span>
    </p>
   </div>
  </div>
 </body>
</html>
