2767 4467
143 278 229 339 vl11.
248 277 326 349 224]
429 260 500 331 His
534 260 709 351 Warnr‘ng
727 270 762 357 to
785 263 924 331 Icarus.
1157 281 1200 353 77

143 466 180 523 ut
195 456 285 523 clivo
302 457 454 524 crevisse
470 468 582 545 putes.
630 458 691 529 Sic
707 460 834 527 rustica
849 462 1022 548 quondam

74 622 76 628 .
143 564 256 630 fistula
273 564 470 651 disparibus
486 565 652 651 paulatim
669 567 779 654 surgit
796 568 927 635 avenis.

49 755 53 762 .
143 680 215 736 tum
232 672 304 737 lino
319 671 456 737 medias
469 683 504 737 et
518 672 607 740 ceris
624 672 756 761 adligat
771 673 872 750 imas,

145 786 247 865 atque
263 777 310 843 ita
326 778 532 863 compositas
548 799 655 865 parvo
672 778 872 847 curvamine
887 779 1005 859 flectit,

143 895 182 948 ut
196 905 297 950 veras
312 884 461 952 imitetur
477 904 572 949 aves.
621 884 713 953 Puer
729 884 847 953 Icarus
862 907 934 955 una
1149 920 1198 978 ¹95

144 991 269 1067 stabat,
289 1002 333 1067 et,
351 990 574 1078 ignarussuu
590 1012 628 1059 se
644 1000 789 1057 tractare
807 992 947 1077 pericla,

144 1118 204 1162 ore
221 1096 390 1177 renidenti
407 1096 508 1165 modo
524 1116 719 1184 quasvaga
736 1108 889 1167 moverat
905 1119 1003 1176 aura,

143 1202 306 1288 captabat
321 1202 469 1289 plumas,
487 1202 614 1271 flavam
631 1202 735 1271 modo
751 1203 876 1289 pollice
891 1225 1009 1273 ceram

144 1308 312 1384 mollibat,
330 1309 476 1396 lusuque
493 1330 554 1377 suo
571 1308 729 1377 mirabile
745 1310 851 1395 patris
875 1381 877 1384 ,

50 1498 52 1501 ¹
143 1414 355 1499 impediebat
369 1436 476 1500 opus,
516 1414 704 1502 Postquam
722 1436 845 1483 manus
861 1417 982 1486 ultima
997 1419 1127 1507 coeptis
1146 1451 1199 1492 200

143 1520 304 1606 imposita
321 1532 382 1597 est,
402 1520 559 1609 geminas
575 1521 691 1607 opifex
708 1521 844 1627 librapit
859 1523 895 1589 in
911 1525 985 1592 alas

142 1626 217 1713 ipse
233 1648 334 1692 suurn
351 1639 668 1715 corpus,·motaque
685 1628 849 1714 pependit
864 1629 898 1721 in
916 1652 1014 1699 aura.

188 1732 330 1799 Instruit
346 1744 380 1798 et
395 1744 527 1811 natum,
548 1734 710 1802 ‘Medio'
725 1756 793 1822 que
811 1746 820 1776 ‘
835 1746 872 1802 ut
887 1737 994 1805 limite
1010 1759 1142 1817 curras,

143 1838 268 1917 Icare,'
283 1840 331 1905 ait
348 1850 506 1918 ‘moneo,
526 1862 582 1917 ne,
601 1840 629 1909 si
646 1841 826 1929 demissior
842 1842 920 1919 ibis,
976 1924 982 1936 1

128 1946 236 2012 unda
253 1956 376 2035 gravet
393 1964 537 2032 pennae,
555 1946 589 2013 si
602 1946 738 2024 celsior,
756 1947 849 2036 ignis
866 1939 1009 2016 aduratr
1145 1980 1197 2041 205

141 2052 230 2118 inter
246 2064 427 2141 utrumque
443 2054 546 2121 vola,
584 2052 662 2121 Nee
678 2065 711 2121 te
727 2066 884 2140 spectare
900 2053 1033 2122 Booten

143 2169 201 2225 aut
218 2158 367 2225 Helicen
380 2160 498 2249 jubeo,
517 2159 739 2248 strictumque
756 2160 894 2229 Orionis
911 2182 1052 2230 ensem:

143 2286 198 2331 me
214 2266 303 2331 duce
319 2286 424 2351 carpe
439 2266 558 2335 viam-²
602 2266 737 2334 Pariter
752 2278 936 2354 praecepta
952 2268 1092 2352 volandi

141 2372 255 2447 tradit,
273 2383 307 2438 et
316 2371 459 2461 ,ignotas
475 2373 626 2440 humeris
644 2374 885 2441 adcommodat
901 2376 997 2440 alass

141 2477 229 2543 inter
245 2500 332 2563 opus
351 2479 566 2566 monitusque
582 2500 695 2568 genae
713 2481 875 2547 maduere
892 2481 1034 2557 seniles,
1145 2512 1197 2553 210

142 2594 175 2649 et
190 2584 322 2671 patriae
338 2594 507 2651 tremuere
525 2606 658 2651 manus.
709 2586 813 2651 Dedit
829 2586 948 2654 oscula
965 2598 1045 2652 nato

113 2726 118 2735 -
141 2712 210 2755 non
227 2689 351 2761 iterum
368 2691 552 2775 repetenda
571 2713 653 2767 suo;
679 2692 869 2778 pennisque
887 2694 1020 2758 levatus

143 2797 343 2872 antevolat,
362 2796 545 2884 comitique
562 2797 668 2873 timet,
686 2798 781 2865 velut
797 2799 881 2874 ales,
901 2800 944 2865 ab
962 2800 1030 2867 alto

142 2922 231 2989 quae
248 2914 401 2970 teneram
419 2902 549 2989 prolem
568 2904 728 2990 produxit
744 2906 779 2969 in
797 2912 881 2971 aera·
893 2907 996 2984 nido;

143 3010 364 3097 hortaturque
381 3010 488 3097 sequi,
506 3012 758 3099 damnosasque
776 3016 886 3080 erudit
903 2997 1006 3093 artes,
1118 3063 1119 3066 =
1143 3048 1195 3105 215

143 3124 176 3180 et
192 3117 305 3181 movet
319 3114 394 3201 ipse
411 3136 491 3182 suas
508 3126 541 3181 et
557 3117 625 3208 nati
644 3118 782 3204 respicit
799 3121 884 3186 alas.

188 3221 264 3287 Hos
280 3220 404 3308 aliquis
420 3223 566 3305 tremula
583 3224 665 3289 dum
682 3237 798 3313 captat
816 3227 983 3294 arundine
1000 3228 1125 3314 pisces,

143 3338 201 3393 aut
216 3340 332 3413 pastor
348 3329 484 3405 baculo,
503 3330 633 3396 stivave
650 3332 790 3399 innixus
808 3314 933 3410 aiator,

143 3434 238 3509 vidit,
256 3445 290 3499 et
305 3433 489 3520 obstupuit,
508 3438 638 3524 quique·
652 3439 791 3505 aethera
809 3460 949 3526 carpere
966 3451 1117 3526 possent,

141 3540 286 3606 credidit
302 3560 378 3606 esse
394 3542 490 3607 deos.
539 3543 583 3607 Et
595 3544 667 3631 jam
680 3544 830 3629 Junonia
847 3547 946 3611 laeva
1142 3578 1194 3617 220

140 3656 237 3733 parte
253 3646 379 3713 Samos
398 3649 519 3725 luerat,
539 3648 714 3737 Delosque
732 3650 909 3738 Parosque
924 3652 1076 3728 relictae,

139 3754 260 3821 dextra
278 3753 469 3821 Lebinthos
485 3766 570 3830 erat,
588 3756 804 3843 fecundaque
822 3758 922 3822 melle
939 3756 1124 3844 Calymne,

138 3882 218 3927 cum
236 3884 324 3947 puer
342 3860 465 3927 audaci
483 3861 594 3947 coepit
610 3862 763 3949 gaudere
780 3862 909 3937 volatu,

137 3969 360 4055 deseruitque
376 3966 513 4045 ducem,
532 3967 687 4054 caelique
705 3967 867 4051 cupidine
883 3979 1010 4033 tractus
