2767 4467
209 332 274 400 144
434 309 470 376 Τ
463 309 506 374 ke
539 307 684 374 Waekdmz
709 307 757 392 of
768 304 876 392 King
894 305 1030 372 Numa.
1118 325 1254 397 [Mersa.

208 521 267 574 aut
283 508 460 574 hominum
478 518 582 582 certe,
601 516 671 571 tuta
687 525 764 570 esse
780 513 814 569 et
829 504 972 570 honesta
989 505 1155 582 sinamus,

208 637 295 680 neve
311 614 496 702 Thyesteis
514 612 729 679 cumulemus
745 611 881 676 viscera
896 611 1036 677 mensis.
1184 608 1188 615 ’

255 734 264 762 ⁶
281 720 397 807 Quam
415 720 505 784 male
522 718 727 794 consuescit,
746 735 849 804 quam
866 738 903 782 se
920 729 1019 803 parat
1032 717 1090 784 ille
1108 719 1216 786 cruori

207 827 334 913 impius
350 829 514 902 humano,
532 825 627 890 vituli
644 824 702 911 qui
719 835 856 912 guttura
873 822 962 888 ferro

207 935 346 1019 rumpit,
365 944 399 1000 et
412 934 559 998 inmotas
575 932 718 1017 praebet
734 930 921 1017 mugitibus
938 928 1058 996 aures!
1207 949 1256 1016 455

208 1052 266 1104 aut
281 1041 339 1127 qui
356 1040 493 1128 vagitus
510 1038 640 1103 similes
656 1036 844 1122 puerilibus
862 1036 1011 1100 haedum

208 1147 364 1211 edentem
377 1146 540 1234 jugulare
557 1156 678 1231 potest,
698 1154 756 1208 aut
773 1143 851 1208 alite
869 1143 975 1218 vesci,

207 1252 262 1318 cui
279 1253 373 1318 dedit
388 1252 462 1337 ipse
481 1249 604 1316 cibosi
645 1249 823 1335 Quantum
842 1260 905 1324 est,
924 1249 1015 1336 quod
1032 1249 1121 1317 desit
1135 1250 1173 1318 in
1188 1251 1257 1317 istis

207 1358 251 1424 ad
268 1360 408 1446 plenum
425 1356 581 1424 facinus?
604 1379 672 1445 quo
688 1356 850 1422 transitus
866 1357 946 1422 inde
963 1357 1124 1443 paratur?

206 1466 268 1531 bos
285 1474 369 1540 aret,
388 1476 446 1530 aut
463 1475 605 1530 mortem
622 1463 814 1529 senioribus
830 1463 972 1549 imputet
988 1465 1109 1539 annis;
1205 1495 1254 1549 470

207 1572 410 1638 horriferum
427 1582 545 1637 contra
561 1569 698 1635 Borean
716 1570 789 1636 ovis
807 1591 903 1635 arma
919 1570 1104 1644 ministret;

207 1681 313 1744 ubera
329 1679 411 1746 dent
426 1689 562 1743 saturae
579 1677 738 1742 manibus
755 1678 945 1762 pressanda
962 1677 1132 1762 capellae.

207 1786 386 1852 retiacum
402 1783 547 1871 pedicis,
565 1784 720 1872 laqueos,
741 1795 896 1870 artesque
914 1783 1051 1848 dolosas

206 1892 332 1966 tollite;
357 1913 422 1956 nec
437 1892 613 1957 volucrem
630 1890 759 1956 viscata
776 1890 882 1955 fallite
899 1890 1020 1978 virga;

207 2021 272 2064 nec
288 1998 477 2064 formidatis
493 2019 614 2064 cervos
630 1998 761 2064 illudite
779 1997 922 2084 pennis3
1205 2027 1251 2084 475

206 2126 271 2172 nec
288 2107 396 2171 celate
413 2105 498 2171 cibis
514 2126 622 2170 uncos
639 2105 820 2170 fallacibus
836 2105 971 2171 hamos.

206 2212 337 2300 perdite
369 2213 466 2300 siqua
498 2222 635 2288 nocent,
668 2233 788 2278 verum
824 2213 913 2278 haec
950 2233 1088 2300 quoque
1126 2211 1252 2298 perdite

340 2329 493 2384 tantum:

206 2447 267 2492 ora
282 2437 406 2490 vacent
420 2425 545 2510 epulis,
563 2425 794 2513 alimentaque
812 2424 906 2490 mitia
924 2427 1093 2512 carpant.'

250 2532 396 2598 Talibus
413 2544 513 2620 atque
530 2533 606 2598 aliis
622 2532 785 2598 instructo
801 2544 938 2617 pectore
955 2532 1054 2598 dictis

206 2639 241 2704 in
259 2640 403 2726 patriam
420 2659 592 2705 remeasse
608 2640 734 2714 ferunt,
752 2640 908 2726 ultroque
927 2639 1068 2726 petitum
1205 2655 1254 2721 480

207 2747 382 2831 accepisse
399 2745 553 2811 Numam
571 2746 688 2832 populi
706 2745 856 2811 Latiaris
873 2747 1049 2811 habenasz

207 2852 355 2940 conjuge
371 2852 428 2939 qui
446 2853 529 2918 felix
544 2854 700 2940 nympha
716 2853 929 2940 ducibusque
946 2852 1111 2918 Camenis

206 2959 380 3024 sacrificos
396 2958 512 3022 docuit
528 2959 623 3034 ritus,
643 2970 851 3047 gentemque
868 2959 973 3025 feroci

207 3077 379 3130 assuetam
396 3064 487 3130 bello
503 3065 599 3151 pacis
615 3066 766 3132 traduxit
783 3067 827 3133 ad
845 3079 947 3133 artes.

206 3173 265 3259 qui
282 3183 461 3260 postquam
478 3171 592 3237 senior
607 3195 822 3261 regnumque
840 3194 1030 3260 aevumque
1048 3173 1192 3262 peregit,

208 3280 411 3344 exstinctum
428 3278 617 3366 Latiaeque
634 3300 740 3345 nurus
757 3280 971 3367 populusque
987 3279 1175 3367 Patresque

208 3387 377 3452 deflevere
394 3384 561 3451 Numam.
