<?xml version="1.0" encoding="UTF-8"?>
<!DOCTYPE html PUBLIC "-//W3C//DTD XHTML 1.0 Transitional//EN"
    "http://www.w3.org/TR/xhtml1/DTD/xhtml1-transitional.dtd">
<html xmlns="http://www.w3.org/1999/xhtml" xml:lang="en" lang="en">
 <head>
  <title>
</title>
<meta http-equiv="Content-Type" content="text/html;charset=utf-8" />
  <meta name='ocr-system' content='tesseract 3.04.00' />
  <meta name='ocr-capabilities' content='ocr_page ocr_carea ocr_par ocr_line ocrx_word'/>
</head>
<body>
  <div class='ocr_page' id='page_1' title='image "./poemataquaedame01ovidgoog_0053.png"; bbox 0 0 2767 4467; ppageno 0'>
   <div class='ocr_carea' id='block_1_1' title="bbox 145 248 1035 339">
    <p class='ocr_par' dir='ltr' id='par_1_1' title="bbox 145 248 1035 339">
     <span class='ocr_line' id='line_1_1' title="bbox 145 248 1035 339; baseline -0.006 -18"><span class='ocrx_word' id='word_1_1' title='bbox 145 266 269 339; x_wconf 81' lang='lat' dir='ltr'><strong>tv.95.]</strong></span> <span class='ocrx_word' id='word_1_2' title='bbox 333 251 498 339; x_wconf 74' lang='lat' dir='ltr'><strong>Meetng</strong></span> <span class='ocrx_word' id='word_1_3' title='bbox 516 249 680 339; x_wconf 79' lang='lat' dir='ltr'><em>assigned</em></span> <span class='ocrx_word' id='word_1_4' title='bbox 700 257 739 316; x_wconf 83' lang='lat' dir='ltr'><strong>at</strong></span> <span class='ocrx_word' id='word_1_5' title='bbox 759 248 890 318; x_wconf 63' lang='grc' dir='ltr'><em>Νὑιιιὲ</em></span> <span class='ocrx_word' id='word_1_6' title='bbox 919 248 1035 317; x_wconf 82' lang='lat' dir='ltr'><strong>Tomd.</strong></span> 
     </span>
    </p>
   </div>
   <div class='ocr_carea' id='block_1_2' title="bbox 96 447 1206 4054">
    <p class='ocr_par' dir='ltr' id='par_1_2' title="bbox 96 447 956 537">
     <span class='ocr_line' id='line_1_2' title="bbox 96 447 956 537; baseline -0.003 -22"><span class='ocrx_word' id='word_1_7' title='bbox 96 506 102 515; x_wconf 85' lang='lat'>.</span> <span class='ocrx_word' id='word_1_8' title='bbox 149 470 193 515; x_wconf 91' lang='lat' dir='ltr'><strong>ex</strong></span> <span class='ocrx_word' id='word_1_9' title='bbox 209 470 323 537; x_wconf 90' lang='lat' dir='ltr'><strong>aequo</strong></span> <span class='ocrx_word' id='word_1_10' title='bbox 339 449 448 536; x_wconf 90' lang='lat' dir='ltr'><strong>captis</strong></span> <span class='ocrx_word' id='word_1_11' title='bbox 466 448 632 515; x_wconf 86' lang='lat' dir='ltr'>ardebant</span> <span class='ocrx_word' id='word_1_12' title='bbox 647 447 818 515; x_wconf 88' lang='lat' dir='ltr'><strong>mentibus</strong></span> <span class='ocrx_word' id='word_1_13' title='bbox 834 447 956 514; x_wconf 85' lang='lat' dir='ltr'><strong>ambo:</strong></span> 
     </span>
    </p>

    <p class='ocr_par' dir='ltr' id='par_1_3' title="bbox 150 553 1155 749">
     <span class='ocr_line' id='line_1_3' title="bbox 150 553 1100 643; baseline 0 -22"><span class='ocrx_word' id='word_1_14' title='bbox 150 556 309 621; x_wconf 90' lang='lat' dir='ltr'><strong>conscius</strong></span> <span class='ocrx_word' id='word_1_15' title='bbox 325 556 438 621; x_wconf 90' lang='lat' dir='ltr'><strong>omnis</strong></span> <span class='ocrx_word' id='word_1_16' title='bbox 456 556 550 621; x_wconf 87' lang='lat' dir='ltr'><strong>abest</strong></span> <span class='ocrx_word' id='word_1_17' title='bbox 560 577 570 629; x_wconf 90' lang='lat'>;</span> <span class='ocrx_word' id='word_1_18' title='bbox 595 565 680 619; x_wconf 89' lang='lat' dir='ltr'><strong>nutu</strong></span> <span class='ocrx_word' id='word_1_19' title='bbox 697 553 874 643; x_wconf 78' lang='lat' dir='ltr'>signisque</span> <span class='ocrx_word' id='word_1_20' title='bbox 891 555 1100 641; x_wconf 79' lang='lat' dir='ltr'><strong>loquuntur.›</strong></span> 
     </span>
     <span class='ocr_line' id='line_1_4' title="bbox 196 660 1155 749; baseline -0.002 -22"><span class='ocrx_word' id='word_1_21' title='bbox 196 660 347 749; x_wconf 76' lang='lat' dir='ltr'><strong>Quoque</strong></span> <span class='ocrx_word' id='word_1_22' title='bbox 364 661 477 748; x_wconf 87' lang='lat' dir='ltr'><strong>magis</strong></span> <span class='ocrx_word' id='word_1_23' title='bbox 492 661 632 749; x_wconf 87' lang='lat' dir='ltr'><strong>tegitur,</strong></span> <span class='ocrx_word' id='word_1_24' title='bbox 649 671 758 726; x_wconf 90' lang='lat' dir='ltr'><strong>tectus</strong></span> <span class='ocrx_word' id='word_1_25' title='bbox 774 661 886 748; x_wconf 87' lang='lat' dir='ltr'><strong>magis</strong></span> <span class='ocrx_word' id='word_1_26' title='bbox 902 672 1035 728; x_wconf 77' lang='lat' dir='ltr'>aestuat</span> <span class='ocrx_word' id='word_1_27' title='bbox 1049 662 1155 749; x_wconf 84' lang='lat' dir='ltr'><strong>ignis.</strong></span> 
     </span>
    </p>

    <p class='ocr_par' dir='ltr' id='par_1_4' title="bbox 151 764 1202 852">
     <span class='ocr_line' id='line_1_5' title="bbox 151 764 1202 852; baseline -0.001 -22"><span class='ocrx_word' id='word_1_28' title='bbox 151 766 253 831; x_wconf 86' lang='lat' dir='ltr'><strong>fissus</strong></span> <span class='ocrx_word' id='word_1_29' title='bbox 269 777 343 830; x_wconf 88' lang='lat' dir='ltr'><strong>erat</strong></span> <span class='ocrx_word' id='word_1_30' title='bbox 357 765 450 830; x_wconf 90' lang='lat' dir='ltr'><strong>tenui</strong></span> <span class='ocrx_word' id='word_1_31' title='bbox 466 764 566 839; x_wconf 86' lang='lat' dir='ltr'><strong>rima,</strong></span> <span class='ocrx_word' id='word_1_32' title='bbox 584 784 687 852; x_wconf 88' lang='lat' dir='ltr'><strong>quam</strong></span> <span class='ocrx_word' id='word_1_33' title='bbox 706 764 851 829; x_wconf 86' lang='lat' dir='ltr'><strong>duxerat</strong></span> <span class='ocrx_word' id='word_1_34' title='bbox 865 764 946 830; x_wconf 93' lang='lat' dir='ltr'><strong>olim</strong></span> <span class='ocrx_word' id='word_1_35' title='bbox 1167 780 1202 852; x_wconf 71' lang='grc' dir='ltr'><strong>σς</strong></span> 
     </span>
    </p>

    <p class='ocr_par' dir='ltr' id='par_1_5' title="bbox 151 870 993 958">
     <span class='ocr_line' id='line_1_6' title="bbox 151 870 993 958; baseline -0.001 -21"><span class='ocrx_word' id='word_1_36' title='bbox 151 892 231 937; x_wconf 91' lang='lat' dir='ltr'><strong>cum</strong></span> <span class='ocrx_word' id='word_1_37' title='bbox 248 871 356 948; x_wconf 89' lang='lat' dir='ltr'><strong>fieret,</strong></span> <span class='ocrx_word' id='word_1_38' title='bbox 374 870 487 956; x_wconf 88' lang='lat' dir='ltr'><strong>paries</strong></span> <span class='ocrx_word' id='word_1_39' title='bbox 503 870 620 935; x_wconf 88' lang='lat' dir='ltr'><strong>domui</strong></span> <span class='ocrx_word' id='word_1_40' title='bbox 638 870 830 936; x_wconf 85' lang='lat' dir='ltr'><strong>communis</strong></span> <span class='ocrx_word' id='word_1_41' title='bbox 847 870 993 958; x_wconf 89' lang='lat' dir='ltr'><strong>utrique.</strong></span> 
     </span>
    </p>

    <p class='ocr_par' dir='ltr' id='par_1_6' title="bbox 150 976 1005 1063">
     <span class='ocr_line' id='line_1_7' title="bbox 150 976 1005 1063; baseline -0.002 -20"><span class='ocrx_word' id='word_1_42' title='bbox 150 978 188 1044; x_wconf 92' lang='lat' dir='ltr'><strong>id</strong></span> <span class='ocrx_word' id='word_1_43' title='bbox 202 977 322 1043; x_wconf 88' lang='lat' dir='ltr'><strong>vitium</strong></span> <span class='ocrx_word' id='word_1_44' title='bbox 340 976 423 1041; x_wconf 83' lang='lat' dir='ltr'><strong>nulii</strong></span> <span class='ocrx_word' id='word_1_45' title='bbox 440 997 502 1063; x_wconf 91' lang='lat' dir='ltr'><strong>per</strong></span> <span class='ocrx_word' id='word_1_46' title='bbox 518 976 656 1041; x_wconf 87' lang='lat' dir='ltr'><strong>saecula</strong></span> <span class='ocrx_word' id='word_1_47' title='bbox 673 976 779 1063; x_wconf 87' lang='lat' dir='ltr'><strong>longa</strong></span> <span class='ocrx_word' id='word_1_48' title='bbox 795 987 1005 1042; x_wconf 88' lang='lat' dir='ltr'><strong>notatum-</strong></span> 
     </span>
    </p>

    <p class='ocr_par' dir='ltr' id='par_1_7' title="bbox 151 1080 1089 1172">
     <span class='ocr_line' id='line_1_8' title="bbox 151 1080 1089 1172; baseline 0.002 -23"><span class='ocrx_word' id='word_1_49' title='bbox 151 1084 235 1172; x_wconf 90' lang='lat' dir='ltr'><strong>quid</strong></span> <span class='ocrx_word' id='word_1_50' title='bbox 252 1105 321 1149; x_wconf 93' lang='lat' dir='ltr'><strong>non</strong></span> <span class='ocrx_word' id='word_1_51' title='bbox 337 1083 437 1149; x_wconf 86' lang='lat' dir='ltr'><strong>sentit</strong></span> <span class='ocrx_word' id='word_1_52' title='bbox 454 1080 572 1149; x_wconf 85' lang='lat' dir='ltr'><strong>amor?</strong></span> <span class='ocrx_word' id='word_1_53' title='bbox 585 1082 740 1168; x_wconf 90' lang='lat' dir='ltr'><strong>-primi</strong></span> <span class='ocrx_word' id='word_1_54' title='bbox 756 1080 901 1159; x_wconf 87' lang='lat' dir='ltr'><strong>vidistis,</strong></span> <span class='ocrx_word' id='word_1_55' title='bbox 919 1092 1089 1163; x_wconf 83' lang='lat' dir='ltr'><strong>amantes,</strong></span> 
     </span>
    </p>

    <p class='ocr_par' dir='ltr' id='par_1_8' title="bbox 151 1188 901 1275">
     <span class='ocr_line' id='line_1_9' title="bbox 151 1188 901 1275; baseline -0.003 -19"><span class='ocrx_word' id='word_1_56' title='bbox 151 1201 186 1256; x_wconf 91' lang='lat' dir='ltr'><strong>et</strong></span> <span class='ocrx_word' id='word_1_57' title='bbox 201 1189 296 1263; x_wconf 80' lang='lat' dir='ltr'><strong>vocis</strong></span> <span class='ocrx_word' id='word_1_58' title='bbox 312 1188 439 1255; x_wconf 75' lang='lat' dir='ltr'><strong>fecistis</strong></span> <span class='ocrx_word' id='word_1_59' title='bbox 455 1189 538 1264; x_wconf 82' lang='lat' dir='ltr'><strong>iter3</strong></span> <span class='ocrx_word' id='word_1_60' title='bbox 562 1200 722 1275; x_wconf 90' lang='lat' dir='ltr'><strong>tutaeque</strong></span> <span class='ocrx_word' id='word_1_61' title='bbox 738 1209 800 1275; x_wconf 87' lang='lat' dir='ltr'><strong>per</strong></span> <span class='ocrx_word' id='word_1_62' title='bbox 815 1188 901 1254; x_wconf 89' lang='lat' dir='ltr'><strong>illud</strong></span> 
     </span>
    </p>

    <p class='ocr_par' dir='ltr' id='par_1_9' title="bbox 152 1294 1205 1382">
     <span class='ocr_line' id='line_1_10' title="bbox 152 1294 1205 1382; baseline 0.001 -20"><span class='ocrx_word' id='word_1_63' title='bbox 152 1318 328 1362; x_wconf 89' lang='lat' dir='ltr'><strong>murmure</strong></span> <span class='ocrx_word' id='word_1_64' title='bbox 343 1295 532 1361; x_wconf 72' lang='lat' dir='ltr'>blanditiae</span> <span class='ocrx_word' id='word_1_65' title='bbox 546 1294 688 1360; x_wconf 89' lang='lat' dir='ltr'><strong>minimo</strong></span> <span class='ocrx_word' id='word_1_66' title='bbox 704 1294 849 1360; x_wconf 85' lang='lat' dir='ltr'><strong>transire</strong></span> <span class='ocrx_word' id='word_1_67' title='bbox 865 1296 1033 1363; x_wconf 88' lang='lat' dir='ltr'><strong>solebant.</strong></span> <span class='ocrx_word' id='word_1_68' title='bbox 1169 1326 1205 1382; x_wconf 81' lang='lat'><strong>70</strong></span> 
     </span>
    </p>

    <p class='ocr_par' dir='ltr' id='par_1_10' title="bbox 152 1400 1172 1490">
     <span class='ocr_line' id='line_1_11' title="bbox 152 1400 1172 1490; baseline 0 -21"><span class='ocrx_word' id='word_1_69' title='bbox 152 1424 271 1490; x_wconf 88' lang='lat' dir='ltr'>saepe,</span> <span class='ocrx_word' id='word_1_70' title='bbox 289 1401 347 1467; x_wconf 91' lang='lat' dir='ltr'><strong>uhi</strong></span> <span class='ocrx_word' id='word_1_71' title='bbox 364 1401 597 1477; x_wconf 81' lang='lat' dir='ltr'><strong>constiterant,</strong></span> <span class='ocrx_word' id='word_1_72' title='bbox 615 1401 697 1467; x_wconf 91' lang='lat' dir='ltr'><strong>hinc</strong></span> <span class='ocrx_word' id='word_1_73' title='bbox 714 1400 859 1478; x_wconf 84' lang='lat' dir='ltr'>Thisbe,</span> <span class='ocrx_word' id='word_1_74' title='bbox 877 1400 1048 1489; x_wconf 82' lang='lat' dir='ltr'><strong>Pyramus</strong></span> <span class='ocrx_word' id='word_1_75' title='bbox 1063 1401 1172 1479; x_wconf 90' lang='lat' dir='ltr'><strong>illinc,</strong></span> 
     </span>
    </p>

    <p class='ocr_par' dir='ltr' id='par_1_11' title="bbox 151 1507 950 1603">
     <span class='ocr_line' id='line_1_12' title="bbox 151 1507 950 1603; baseline -0.001 -28"><span class='ocrx_word' id='word_1_76' title='bbox 151 1509 256 1603; x_wconf 91' lang='lat' dir='ltr'><strong>inque</strong></span> <span class='ocrx_word' id='word_1_77' title='bbox 272 1508 366 1574; x_wconf 90' lang='lat' dir='ltr'><strong>vices</strong></span> <span class='ocrx_word' id='word_1_78' title='bbox 382 1509 493 1573; x_wconf 83' lang='lat' dir='ltr'><strong>iuerat</strong></span> <span class='ocrx_word' id='word_1_79' title='bbox 510 1518 665 1594; x_wconf 82' lang='lat' dir='ltr'><strong>captatus</strong></span> <span class='ocrx_word' id='word_1_80' title='bbox 682 1507 854 1575; x_wconf 80' lang='lat' dir='ltr'><strong>anhelitus</strong></span> <span class='ocrx_word' id='word_1_81' title='bbox 869 1508 950 1585; x_wconf 88' lang='lat' dir='ltr'><strong>oris,</strong></span> 
     </span>
    </p>

    <p class='ocr_par' dir='ltr' id='par_1_12' title="bbox 155 1612 1127 1702">
     <span class='ocr_line' id='line_1_13' title="bbox 155 1612 1127 1702; baseline 0.002 -23"><span class='ocrx_word' id='word_1_82' title='bbox 155 1615 316 1681; x_wconf 74' lang='lat' dir='ltr'><strong>‘Invide’</strong></span> <span class='ocrx_word' id='word_1_83' title='bbox 333 1615 494 1681; x_wconf 91' lang='lat' dir='ltr'><strong>dicebant</strong></span> <span class='ocrx_word' id='word_1_84' title='bbox 511 1627 520 1657; x_wconf 92' lang='lat'>‘</span> <span class='ocrx_word' id='word_1_85' title='bbox 534 1615 661 1702; x_wconf 84' lang='lat' dir='ltr'><strong>paries,</strong></span> <span class='ocrx_word' id='word_1_86' title='bbox 679 1616 762 1702; x_wconf 91' lang='lat' dir='ltr'><strong>quid</strong></span> <span class='ocrx_word' id='word_1_87' title='bbox 779 1616 973 1681; x_wconf 85' lang='lat' dir='ltr'><strong>amantibus</strong></span> <span class='ocrx_word' id='word_1_88' title='bbox 988 1612 1127 1681; x_wconf 77' lang='lat' dir='ltr'><strong>obstas?</strong></span> 
     </span>
    </p>

    <p class='ocr_par' dir='ltr' id='par_1_13' title="bbox 152 1720 1072 1810">
     <span class='ocr_line' id='line_1_14' title="bbox 152 1720 1072 1810; baseline -0.001 -24"><span class='ocrx_word' id='word_1_89' title='bbox 152 1734 317 1810; x_wconf 89' lang='lat' dir='ltr'><strong>quantum</strong></span> <span class='ocrx_word' id='word_1_90' title='bbox 334 1733 421 1798; x_wconf 88' lang='lat' dir='ltr'><strong>erat,</strong></span> <span class='ocrx_word' id='word_1_91' title='bbox 438 1732 476 1787; x_wconf 94' lang='lat' dir='ltr'><strong>ut</strong></span> <span class='ocrx_word' id='word_1_92' title='bbox 491 1721 621 1787; x_wconf 85' lang='lat' dir='ltr'><strong>sineres</strong></span> <span class='ocrx_word' id='word_1_93' title='bbox 637 1732 707 1788; x_wconf 89' lang='lat' dir='ltr'><strong>toto</strong></span> <span class='ocrx_word' id='word_1_94' title='bbox 723 1742 785 1787; x_wconf 89' lang='lat' dir='ltr'><strong>nos</strong></span> <span class='ocrx_word' id='word_1_95' title='bbox 802 1742 945 1808; x_wconf 88' lang='lat' dir='ltr'><strong>corpore</strong></span> <span class='ocrx_word' id='word_1_96' title='bbox 957 1720 1072 1810; x_wconf 86' lang='lat' dir='ltr'><strong>jungi,</strong></span> 
     </span>
    </p>

    <p class='ocr_par' dir='ltr' id='par_1_14' title="bbox 152 1825 1204 1915">
     <span class='ocr_line' id='line_1_15' title="bbox 152 1825 1204 1915; baseline -0.001 -22"><span class='ocrx_word' id='word_1_97' title='bbox 152 1839 212 1893; x_wconf 90' lang='lat' dir='ltr'><strong>aut</strong></span> <span class='ocrx_word' id='word_1_98' title='bbox 229 1830 294 1894; x_wconf 92' lang='lat' dir='ltr'><strong>hoc</strong></span> <span class='ocrx_word' id='word_1_99' title='bbox 309 1828 338 1893; x_wconf 87' lang='lat' dir='ltr'><strong>si</strong></span> <span class='ocrx_word' id='word_1_100' title='bbox 354 1828 512 1905; x_wconf 88' lang='lat' dir='ltr'><strong>nimium,</strong></span> <span class='ocrx_word' id='word_1_101' title='bbox 528 1828 585 1895; x_wconf 90' lang='lat' dir='ltr'><strong>vel</strong></span> <span class='ocrx_word' id='word_1_102' title='bbox 602 1827 646 1894; x_wconf 87' lang='lat' dir='ltr'><strong>ad</strong></span> <span class='ocrx_word' id='word_1_103' title='bbox 662 1828 780 1893; x_wconf 90' lang='lat' dir='ltr'><strong>oscula</strong></span> <span class='ocrx_word' id='word_1_104' title='bbox 797 1828 912 1894; x_wconf 88' lang='lat' dir='ltr'><strong>danda</strong></span> <span class='ocrx_word' id='word_1_105' title='bbox 928 1825 1085 1914; x_wconf 73' lang='lat' dir='ltr'><strong>pateres!</strong></span> <span class='ocrx_word' id='word_1_106' title='bbox 1170 1857 1204 1915; x_wconf 78' lang='lat'><strong>75</strong></span> 
     </span>
    </p>

    <p class='ocr_par' dir='ltr' id='par_1_15' title="bbox 151 1931 996 2026">
     <span class='ocr_line' id='line_1_16' title="bbox 151 1931 996 2026; baseline -0.001 -25"><span class='ocrx_word' id='word_1_107' title='bbox 151 1958 219 2003; x_wconf 90' lang='lat' dir='ltr'><strong>nec</strong></span> <span class='ocrx_word' id='word_1_108' title='bbox 234 1957 352 2001; x_wconf 90' lang='lat' dir='ltr'><strong>sumus</strong></span> <span class='ocrx_word' id='word_1_109' title='bbox 368 1931 515 2026; x_wconf 83' lang='lat' dir='ltr'><strong>ingrati;</strong></span> <span class='ocrx_word' id='word_1_110' title='bbox 539 1935 599 2001; x_wconf 91' lang='lat' dir='ltr'><strong>tibi</strong></span> <span class='ocrx_word' id='word_1_111' title='bbox 616 1956 679 2001; x_wconf 91' lang='lat' dir='ltr'><strong>nos</strong></span> <span class='ocrx_word' id='word_1_112' title='bbox 696 1934 821 2001; x_wconf 87' lang='lat' dir='ltr'><strong>debere</strong></span> <span class='ocrx_word' id='word_1_113' title='bbox 837 1934 996 2013; x_wconf 86' lang='lat' dir='ltr'><strong>fatemur,</strong></span> 
     </span>
    </p>

    <p class='ocr_par' dir='ltr' id='par_1_16' title="bbox 151 2040 1084 2131">
     <span class='ocr_line' id='line_1_17' title="bbox 151 2040 1084 2131; baseline 0.001 -23"><span class='ocrx_word' id='word_1_114' title='bbox 151 2043 245 2131; x_wconf 91' lang='lat' dir='ltr'><strong>quod</strong></span> <span class='ocrx_word' id='word_1_115' title='bbox 261 2043 360 2108; x_wconf 89' lang='lat' dir='ltr'><strong>datus</strong></span> <span class='ocrx_word' id='word_1_116' title='bbox 376 2053 428 2107; x_wconf 89' lang='lat' dir='ltr'><strong>est</strong></span> <span class='ocrx_word' id='word_1_117' title='bbox 443 2042 556 2108; x_wconf 89' lang='lat' dir='ltr'><strong>verbis</strong></span> <span class='ocrx_word' id='word_1_118' title='bbox 574 2042 618 2107; x_wconf 89' lang='lat' dir='ltr'><strong>ad</strong></span> <span class='ocrx_word' id='word_1_119' title='bbox 635 2042 766 2108; x_wconf 89' lang='lat' dir='ltr'><strong>amicas</strong></span> <span class='ocrx_word' id='word_1_120' title='bbox 780 2040 943 2109; x_wconf 86' lang='lat' dir='ltr'><strong>transitus</strong></span> <span class='ocrx_word' id='word_1_121' title='bbox 958 2041 1084 2109; x_wconf 87' lang='lat' dir='ltr'><strong>aures.&#39;</strong></span> 
     </span>
    </p>

    <p class='ocr_par' dir='ltr' id='par_1_17' title="bbox 150 2131 842 2237">
     <span class='ocr_line' id='line_1_18' title="bbox 150 2131 842 2237; baseline 0 -23"><span class='ocrx_word' id='word_1_122' title='bbox 150 2131 233 2214; x_wconf 87' lang='lat' dir='ltr'><strong>talia</strong></span> <span class='ocrx_word' id='word_1_123' title='bbox 251 2149 386 2215; x_wconf 88' lang='lat' dir='ltr'><strong>diversa</strong></span> <span class='ocrx_word' id='word_1_124' title='bbox 402 2149 611 2237; x_wconf 87' lang='lat' dir='ltr'><strong>nequiquam</strong></span> <span class='ocrx_word' id='word_1_125' title='bbox 628 2148 711 2215; x_wconf 89' lang='lat' dir='ltr'><strong>sede</strong></span> <span class='ocrx_word' id='word_1_126' title='bbox 727 2147 842 2225; x_wconf 89' lang='lat' dir='ltr'><strong>locuti,</strong></span> 
     </span>
    </p>

    <p class='ocr_par' dir='ltr' id='par_1_18' title="bbox 150 2254 925 2343">
     <span class='ocr_line' id='line_1_19' title="bbox 150 2254 925 2343; baseline 0 -22"><span class='ocrx_word' id='word_1_127' title='bbox 150 2256 217 2321; x_wconf 90' lang='lat' dir='ltr'><strong>sub</strong></span> <span class='ocrx_word' id='word_1_128' title='bbox 233 2267 366 2321; x_wconf 89' lang='lat' dir='ltr'><strong>noctem</strong></span> <span class='ocrx_word' id='word_1_129' title='bbox 383 2254 502 2320; x_wconf 87' lang='lat' dir='ltr'><strong>dixere</strong></span> <span class='ocrx_word' id='word_1_130' title='bbox 518 2256 608 2331; x_wconf 89' lang='lat' dir='ltr'><strong>vale,</strong></span> <span class='ocrx_word' id='word_1_131' title='bbox 626 2254 781 2343; x_wconf 88' lang='lat' dir='ltr'><strong>partique</strong></span> <span class='ocrx_word' id='word_1_132' title='bbox 797 2255 925 2322; x_wconf 85' lang='lat' dir='ltr'><strong>dedere</strong></span> 
     </span>
    </p>

    <p class='ocr_par' dir='ltr' id='par_1_19' title="bbox 150 2364 1206 2561">
     <span class='ocr_line' id='line_1_20' title="bbox 150 2364 1206 2452; baseline 0.008 -22"><span class='ocrx_word' id='word_1_133' title='bbox 150 2364 270 2430; x_wconf 90' lang='lat' dir='ltr'><strong>oscula</strong></span> <span class='ocrx_word' id='word_1_134' title='bbox 288 2364 431 2451; x_wconf 88' lang='lat' dir='ltr'><strong>quisque</strong></span> <span class='ocrx_word' id='word_1_135' title='bbox 448 2384 531 2430; x_wconf 84' lang='lat' dir='ltr'><strong>suae</strong></span> <span class='ocrx_word' id='word_1_136' title='bbox 548 2386 617 2431; x_wconf 91' lang='lat' dir='ltr'><strong>non</strong></span> <span class='ocrx_word' id='word_1_137' title='bbox 634 2364 868 2452; x_wconf 85' lang='lat' dir='ltr'><strong>pervenientia</strong></span> <span class='ocrx_word' id='word_1_138' title='bbox 885 2375 1015 2433; x_wconf 89' lang='lat' dir='ltr'><strong>eontra.</strong></span> <span class='ocrx_word' id='word_1_139' title='bbox 1170 2383 1206 2438; x_wconf 87' lang='lat'><strong>80</strong></span> 
     </span>
     <span class='ocr_line' id='line_1_21' title="bbox 197 2470 1016 2561; baseline 0.006 -26"><span class='ocrx_word' id='word_1_140' title='bbox 197 2470 339 2537; x_wconf 86' lang='lat' dir='ltr'><strong>Postera</strong></span> <span class='ocrx_word' id='word_1_141' title='bbox 355 2484 538 2538; x_wconf 90' lang='lat' dir='ltr'><strong>nocturnos</strong></span> <span class='ocrx_word' id='word_1_142' title='bbox 555 2493 679 2538; x_wconf 89' lang='lat' dir='ltr'><strong>aurora</strong></span> <span class='ocrx_word' id='word_1_143' title='bbox 696 2484 887 2539; x_wconf 87' lang='lat' dir='ltr'><strong>removerat</strong></span> <span class='ocrx_word' id='word_1_144' title='bbox 902 2474 1016 2561; x_wconf 89' lang='lat' dir='ltr'><strong>ignes,</strong></span> 
     </span>
    </p>

    <p class='ocr_par' dir='ltr' id='par_1_20' title="bbox 149 2578 956 2666">
     <span class='ocr_line' id='line_1_22' title="bbox 149 2578 956 2666; baseline -0.002 -21"><span class='ocrx_word' id='word_1_145' title='bbox 149 2580 271 2666; x_wconf 92' lang='lat' dir='ltr'><strong>solque</strong></span> <span class='ocrx_word' id='word_1_146' title='bbox 287 2578 468 2665; x_wconf 89' lang='lat' dir='ltr'><strong>pruinosas</strong></span> <span class='ocrx_word' id='word_1_147' title='bbox 483 2579 588 2647; x_wconf 89' lang='lat' dir='ltr'><strong>radiis</strong></span> <span class='ocrx_word' id='word_1_148' title='bbox 604 2580 794 2647; x_wconf 91' lang='lat' dir='ltr'><strong>siccaverat</strong></span> <span class='ocrx_word' id='word_1_149' title='bbox 810 2580 956 2646; x_wconf 86' lang='lat' dir='ltr'><strong>herbas:</strong></span> 
     </span>
    </p>

    <p class='ocr_par' dir='ltr' id='par_1_21' title="bbox 149 2687 1077 2772">
     <span class='ocr_line' id='line_1_23' title="bbox 149 2687 1077 2772; baseline 0 -20"><span class='ocrx_word' id='word_1_150' title='bbox 149 2688 197 2753; x_wconf 87' lang='lat' dir='ltr'><strong>ad</strong></span> <span class='ocrx_word' id='word_1_151' title='bbox 214 2687 351 2753; x_wconf 90' lang='lat' dir='ltr'><strong>solitum</strong></span> <span class='ocrx_word' id='word_1_152' title='bbox 366 2692 478 2753; x_wconf 88' lang='lat' dir='ltr'><strong>coiere</strong></span> <span class='ocrx_word' id='word_1_153' title='bbox 493 2689 620 2755; x_wconf 90' lang='lat' dir='ltr'><strong>locum.</strong></span> <span class='ocrx_word' id='word_1_154' title='bbox 669 2688 762 2752; x_wconf 90' lang='lat' dir='ltr'><strong>Tum</strong></span> <span class='ocrx_word' id='word_1_155' title='bbox 781 2707 953 2752; x_wconf 89' lang='lat' dir='ltr'><strong>murmure</strong></span> <span class='ocrx_word' id='word_1_156' title='bbox 970 2707 1077 2772; x_wconf 86' lang='lat' dir='ltr'><strong>parvo</strong></span> 
     </span>
    </p>

    <p class='ocr_par' dir='ltr' id='par_1_22' title="bbox 149 2792 972 2883">
     <span class='ocr_line' id='line_1_24' title="bbox 149 2792 972 2883; baseline -0.001 -24"><span class='ocrx_word' id='word_1_157' title='bbox 149 2795 260 2860; x_wconf 89' lang='lat' dir='ltr'><strong>multa</strong></span> <span class='ocrx_word' id='word_1_158' title='bbox 276 2795 369 2882; x_wconf 90' lang='lat' dir='ltr'><strong>prius</strong></span> <span class='ocrx_word' id='word_1_159' title='bbox 385 2795 508 2883; x_wconf 88' lang='lat' dir='ltr'><strong>questi,</strong></span> <span class='ocrx_word' id='word_1_160' title='bbox 527 2805 678 2860; x_wconf 84' lang='lat' dir='ltr'><strong>statuunt</strong></span> <span class='ocrx_word' id='word_1_161' title='bbox 693 2805 731 2859; x_wconf 91' lang='lat' dir='ltr'><strong>ut</strong></span> <span class='ocrx_word' id='word_1_162' title='bbox 745 2806 845 2860; x_wconf 90' lang='lat' dir='ltr'><strong>nocte</strong></span> <span class='ocrx_word' id='word_1_163' title='bbox 861 2792 972 2859; x_wconf 89' lang='lat' dir='ltr'><strong>silenti</strong></span> 
     </span>
    </p>

    <p class='ocr_par' dir='ltr' id='par_1_23' title="bbox 149 2902 1203 2990">
     <span class='ocr_line' id='line_1_25' title="bbox 149 2902 1203 2990; baseline -0.003 -23"><span class='ocrx_word' id='word_1_164' title='bbox 149 2903 272 2969; x_wconf 82' lang='lat' dir='ltr'><strong>saliere</strong></span> <span class='ocrx_word' id='word_1_165' title='bbox 289 2903 445 2969; x_wconf 90' lang='lat' dir='ltr'><strong>custodes</strong></span> <span class='ocrx_word' id='word_1_166' title='bbox 462 2903 659 2990; x_wconf 87' lang='lat' dir='ltr'><strong>foribusque</strong></span> <span class='ocrx_word' id='word_1_167' title='bbox 675 2902 844 2968; x_wconf 87' lang='lat' dir='ltr'><strong>excedere</strong></span> <span class='ocrx_word' id='word_1_168' title='bbox 860 2910 1038 2986; x_wconf 88' lang='lat' dir='ltr'><strong>temptent,</strong></span> <span class='ocrx_word' id='word_1_169' title='bbox 1169 2919 1203 2989; x_wconf 79' lang='lat'><strong>85</strong></span> 
     </span>
    </p>

    <p class='ocr_par' dir='ltr' id='par_1_24' title="bbox 150 3004 1190 3095">
     <span class='ocr_line' id='line_1_26' title="bbox 150 3004 1190 3095; baseline -0.004 -21"><span class='ocrx_word' id='word_1_170' title='bbox 150 3029 299 3095; x_wconf 90' lang='lat' dir='ltr'><strong>cumque</strong></span> <span class='ocrx_word' id='word_1_171' title='bbox 315 3010 418 3075; x_wconf 88' lang='lat' dir='ltr'><strong>domo</strong></span> <span class='ocrx_word' id='word_1_172' title='bbox 434 3009 592 3083; x_wconf 88' lang='lat' dir='ltr'><strong>exierint,</strong></span> <span class='ocrx_word' id='word_1_173' title='bbox 610 3007 705 3074; x_wconf 90' lang='lat' dir='ltr'><strong>urbis</strong></span> <span class='ocrx_word' id='word_1_174' title='bbox 719 3028 854 3095; x_wconf 91' lang='lat' dir='ltr'><strong>quoque</strong></span> <span class='ocrx_word' id='word_1_175' title='bbox 870 3018 957 3073; x_wconf 89' lang='lat' dir='ltr'><strong>tecta</strong></span> <span class='ocrx_word' id='word_1_176' title='bbox 974 3004 1190 3093; x_wconf 90' lang='lat' dir='ltr'><strong>relinquant;</strong></span> 
     </span>
    </p>

    <p class='ocr_par' dir='ltr' id='par_1_25' title="bbox 149 3114 935 3200">
     <span class='ocr_line' id='line_1_27' title="bbox 149 3114 935 3200; baseline -0.003 -19"><span class='ocrx_word' id='word_1_177' title='bbox 149 3136 238 3181; x_wconf 90' lang='lat' dir='ltr'><strong>neve</strong></span> <span class='ocrx_word' id='word_1_178' title='bbox 256 3116 297 3181; x_wconf 90' lang='lat' dir='ltr'><strong>sit</strong></span> <span class='ocrx_word' id='word_1_179' title='bbox 313 3115 497 3181; x_wconf 85' lang='lat' dir='ltr'><strong>errandum</strong></span> <span class='ocrx_word' id='word_1_180' title='bbox 513 3115 582 3181; x_wconf 90' lang='lat' dir='ltr'><strong>lato</strong></span> <span class='ocrx_word' id='word_1_181' title='bbox 599 3114 823 3200; x_wconf 87' lang='lat' dir='ltr'><strong>spatiantibus</strong></span> <span class='ocrx_word' id='word_1_182' title='bbox 841 3134 935 3189; x_wconf 86' lang='lat' dir='ltr'><strong>arv0,</strong></span> 
     </span>
    </p>

    <p class='ocr_par' dir='ltr' id='par_1_26' title="bbox 149 3218 1079 3307">
     <span class='ocr_line' id='line_1_28' title="bbox 149 3218 1079 3307; baseline -0.003 -21"><span class='ocrx_word' id='word_1_183' title='bbox 149 3222 357 3287; x_wconf 89' lang='lat' dir='ltr'><strong>conveniant</strong></span> <span class='ocrx_word' id='word_1_184' title='bbox 373 3222 418 3288; x_wconf 92' lang='lat' dir='ltr'><strong>ad</strong></span> <span class='ocrx_word' id='word_1_185' title='bbox 433 3222 532 3288; x_wconf 90' lang='lat' dir='ltr'><strong>busta</strong></span> <span class='ocrx_word' id='word_1_186' title='bbox 549 3220 647 3297; x_wconf 92' lang='lat' dir='ltr'><strong>Nini,</strong></span> <span class='ocrx_word' id='word_1_187' title='bbox 665 3221 860 3307; x_wconf 89' lang='lat' dir='ltr'><strong>lateantque</strong></span> <span class='ocrx_word' id='word_1_188' title='bbox 875 3221 939 3285; x_wconf 90' lang='lat' dir='ltr'><strong>sub</strong></span> <span class='ocrx_word' id='word_1_189' title='bbox 955 3218 1079 3284; x_wconf 90' lang='lat' dir='ltr'><strong>umbra</strong></span> 
     </span>
    </p>

    <p class='ocr_par' dir='ltr' id='par_1_27' title="bbox 150 3326 933 3413">
     <span class='ocr_line' id='line_1_29' title="bbox 150 3326 933 3413; baseline 0 -21"><span class='ocrx_word' id='word_1_190' title='bbox 150 3326 304 3394; x_wconf 83' lang='lat' dir='ltr'><strong>arboris:</strong></span> <span class='ocrx_word' id='word_1_191' title='bbox 329 3328 432 3393; x_wconf 88' lang='lat' dir='ltr'><strong>arbor</strong></span> <span class='ocrx_word' id='word_1_192' title='bbox 445 3326 492 3392; x_wconf 92' lang='lat' dir='ltr'><strong>ibi</strong></span> <span class='ocrx_word' id='word_1_193' title='bbox 509 3327 617 3393; x_wconf 88' lang='lat' dir='ltr'><strong>niveis</strong></span> <span class='ocrx_word' id='word_1_194' title='bbox 633 3328 805 3393; x_wconf 90' lang='lat' dir='ltr'><strong>uberrima</strong></span> <span class='ocrx_word' id='word_1_195' title='bbox 822 3327 933 3413; x_wconf 87' lang='lat' dir='ltr'><strong>pomis</strong></span> 
     </span>
    </p>

    <p class='ocr_par' dir='ltr' id='par_1_28' title="bbox 151 3432 1203 3626">
     <span class='ocr_line' id='line_1_30' title="bbox 151 3432 1203 3521; baseline -0.002 -22"><span class='ocrx_word' id='word_1_196' title='bbox 151 3434 260 3500; x_wconf 88' lang='lat' dir='ltr'><strong>ardua</strong></span> <span class='ocrx_word' id='word_1_197' title='bbox 276 3456 392 3499; x_wconf 90' lang='lat' dir='ltr'><strong>morus</strong></span> <span class='ocrx_word' id='word_1_198' title='bbox 409 3443 494 3509; x_wconf 89' lang='lat' dir='ltr'><strong>erat,</strong></span> <span class='ocrx_word' id='word_1_199' title='bbox 513 3434 629 3521; x_wconf 88' lang='lat' dir='ltr'><strong>gelido</strong></span> <span class='ocrx_word' id='word_1_200' title='bbox 645 3433 857 3499; x_wconf 90' lang='lat' dir='ltr'><strong>contermina</strong></span> <span class='ocrx_word' id='word_1_201' title='bbox 873 3432 970 3498; x_wconf 86' lang='lat' dir='ltr'><strong>sonti.</strong></span> <span class='ocrx_word' id='word_1_202' title='bbox 1166 3468 1203 3521; x_wconf 85' lang='lat'><strong>90</strong></span> 
     </span>
     <span class='ocr_line' id='line_1_31' title="bbox 194 3538 1034 3626; baseline -0.004 -20"><span class='ocrx_word' id='word_1_203' title='bbox 194 3540 303 3607; x_wconf 91' lang='lat' dir='ltr'><strong>Pacta</strong></span> <span class='ocrx_word' id='word_1_204' title='bbox 319 3541 478 3626; x_wconf 82' lang='lat' dir='ltr'><strong>placent3</strong></span> <span class='ocrx_word' id='word_1_205' title='bbox 504 3550 537 3605; x_wconf 92' lang='lat' dir='ltr'><strong>et</strong></span> <span class='ocrx_word' id='word_1_206' title='bbox 551 3540 625 3615; x_wconf 87' lang='lat' dir='ltr'><strong>lux,</strong></span> <span class='ocrx_word' id='word_1_207' title='bbox 642 3538 739 3605; x_wconf 89' lang='lat' dir='ltr'><strong>tarde</strong></span> <span class='ocrx_word' id='word_1_208' title='bbox 755 3539 931 3605; x_wconf 90' lang='lat' dir='ltr'><strong>discedere</strong></span> <span class='ocrx_word' id='word_1_209' title='bbox 946 3539 1034 3613; x_wconf 91' lang='lat' dir='ltr'><strong>visa,</strong></span> 
     </span>
    </p>

    <p class='ocr_par' dir='ltr' id='par_1_29' title="bbox 151 3643 1093 3735">
     <span class='ocr_line' id='line_1_32' title="bbox 151 3643 1093 3735; baseline -0.007 -23"><span class='ocrx_word' id='word_1_210' title='bbox 151 3647 394 3735; x_wconf 88' lang='lat' dir='ltr'><strong>praecipitatur</strong></span> <span class='ocrx_word' id='word_1_211' title='bbox 410 3646 520 3734; x_wconf 91' lang='lat' dir='ltr'><strong>aquis,</strong></span> <span class='ocrx_word' id='word_1_212' title='bbox 539 3658 572 3711; x_wconf 91' lang='lat' dir='ltr'><strong>et</strong></span> <span class='ocrx_word' id='word_1_213' title='bbox 587 3646 684 3732; x_wconf 89' lang='lat' dir='ltr'><strong>aquis</strong></span> <span class='ocrx_word' id='word_1_214' title='bbox 701 3667 770 3710; x_wconf 90' lang='lat' dir='ltr'><strong>nox</strong></span> <span class='ocrx_word' id='word_1_215' title='bbox 787 3645 896 3733; x_wconf 87' lang='lat' dir='ltr'><strong>surgit</strong></span> <span class='ocrx_word' id='word_1_216' title='bbox 912 3646 956 3710; x_wconf 92' lang='lat' dir='ltr'><strong>ah</strong></span> <span class='ocrx_word' id='word_1_217' title='bbox 971 3643 1093 3709; x_wconf 85' lang='lat' dir='ltr'><strong>isdem.</strong></span> 
     </span>
    </p>

    <p class='ocr_par' dir='ltr' id='par_1_30' title="bbox 151 3750 984 3841">
     <span class='ocr_line' id='line_1_33' title="bbox 151 3750 984 3841; baseline -0.006 -22"><span class='ocrx_word' id='word_1_218' title='bbox 151 3755 276 3821; x_wconf 89' lang='lat' dir='ltr'><strong>callida</strong></span> <span class='ocrx_word' id='word_1_219' title='bbox 293 3775 355 3841; x_wconf 92' lang='lat' dir='ltr'><strong>per</strong></span> <span class='ocrx_word' id='word_1_220' title='bbox 371 3752 529 3817; x_wconf 87' lang='lat' dir='ltr'><strong>tenebras</strong></span> <span class='ocrx_word' id='word_1_221' title='bbox 544 3763 680 3817; x_wconf 89' lang='lat' dir='ltr'><strong>versato</strong></span> <span class='ocrx_word' id='word_1_222' title='bbox 696 3752 837 3818; x_wconf 90' lang='lat' dir='ltr'><strong>cardine</strong></span> <span class='ocrx_word' id='word_1_223' title='bbox 852 3750 984 3815; x_wconf 89' lang='lat' dir='ltr'><strong>Thisbe</strong></span> 
     </span>
    </p>

    <p class='ocr_par' dir='ltr' id='par_1_31' title="bbox 151 3856 1004 3949">
     <span class='ocr_line' id='line_1_34' title="bbox 151 3856 1004 3949; baseline -0.008 -24"><span class='ocrx_word' id='word_1_224' title='bbox 151 3861 327 3949; x_wconf 85' lang='lat' dir='ltr'><strong>egreditur</strong></span> <span class='ocrx_word' id='word_1_225' title='bbox 343 3859 496 3947; x_wconf 81' lang='lat' dir='ltr'><strong>fallitque</strong></span> <span class='ocrx_word' id='word_1_226' title='bbox 513 3879 606 3934; x_wconf 88' lang='lat' dir='ltr'><strong>suos,</strong></span> <span class='ocrx_word' id='word_1_227' title='bbox 624 3857 856 3943; x_wconf 90' lang='lat' dir='ltr'><strong>adopertaque</strong></span> <span class='ocrx_word' id='word_1_228' title='bbox 873 3856 1004 3919; x_wconf 90' lang='lat' dir='ltr'><strong>vultum</strong></span> 
     </span>
    </p>

    <p class='ocr_par' dir='ltr' id='par_1_32' title="bbox 148 3954 1203 4054">
     <span class='ocr_line' id='line_1_35' title="bbox 148 3954 1203 4054; baseline -0.016 -21"><span class='ocrx_word' id='word_1_229' title='bbox 148 3967 307 4054; x_wconf 88' lang='lat' dir='ltr'><strong>pervenit</strong></span> <span class='ocrx_word' id='word_1_230' title='bbox 322 3964 368 4031; x_wconf 89' lang='lat' dir='ltr'><strong>ad</strong></span> <span class='ocrx_word' id='word_1_231' title='bbox 384 3964 567 4040; x_wconf 89' lang='lat' dir='ltr'><strong>tumulum,</strong></span> <span class='ocrx_word' id='word_1_232' title='bbox 585 3963 745 4048; x_wconf 89' lang='lat' dir='ltr'><strong>dictaque</strong></span> <span class='ocrx_word' id='word_1_233' title='bbox 761 3958 825 4023; x_wconf 88' lang='lat' dir='ltr'><strong>sub</strong></span> <span class='ocrx_word' id='word_1_234' title='bbox 842 3959 961 4021; x_wconf 90' lang='lat' dir='ltr'><strong>arbore</strong></span> <span class='ocrx_word' id='word_1_235' title='bbox 978 3954 1076 4020; x_wconf 85' lang='lat' dir='ltr'><strong>sedit.</strong></span> <span class='ocrx_word' id='word_1_236' title='bbox 1139 4008 1146 4050; x_wconf 64' lang='lat'>3</span> <span class='ocrx_word' id='word_1_237' title='bbox 1167 3980 1203 4035; x_wconf 81' lang='lat'><strong>93</strong></span> 
     </span>
    </p>
   </div>
   <div class='ocr_carea' id='block_1_3' title="bbox 0 0 1390 4467">
    <p class='ocr_par' dir='ltr' id='par_1_33' title="bbox 0 0 1390 4467">
     <span class='ocr_line' id='line_1_36' title="bbox 0 0 1390 4467; baseline 0 0"><span class='ocrx_word' id='word_1_238' title='bbox 0 0 1390 4467; x_wconf 95' lang='lat' dir='ltr'><strong> </strong></span> 
     </span>
    </p>
   </div>
  </div>
 </body>
</html>
