2767 4467
165 315 226 370 xv.
240 313 317 386 ποι]
476 293 546 360 The
574 293 764 381 Changing
784 290 943 360 Seasons.
1153 309 1213 390 141

164 493 307 580 parcite,
324 491 507 568 vaticinor,
525 501 692 578 cognatas
708 489 816 556 caede
832 489 982 556 nefanda

164 601 347 666 exturbare
363 599 512 674 animas,
530 619 596 664 nec
611 597 782 686 sanguine
799 598 941 685 sanguis
958 597 1080 662 alatur.
1168 624 1216 680 ¹75

207 705 280 772 ‘Et
293 706 460 794 quoniam
477 726 605 793 magno
621 704 713 770 seror
728 725 891 792 aequore,
908 705 1079 791 plenaque
1094 702 1205 768 ventis

163 814 241 880 vela
257 812 359 878 dedi:
383 811 484 877 Nihil
500 825 564 887 est,
583 823 652 877 toto
667 811 759 897 quod
777 821 903 897 perstet
918 811 953 875 in
969 812 1064 876 orbe.

163 931 287 986 cuncta
303 919 427 994 fluunt,
443 918 625 1004 omnisque
640 939 775 1005 vagans
792 917 957 982 formatur
972 917 1102 1005 imago.

164 1027 239 1112 ipsa
255 1047 393 1113 quoque
409 1025 549 1090 assiduo
564 1025 726 1089 labuntur
741 1037 897 1110 tempora
915 1033 1020 1099 motu,

164 1155 231 1197 non
249 1153 351 1197 secus
367 1152 409 1196 ac
425 1130 566 1195 flumen.
614 1129 739 1218 Neque
756 1129 849 1194 enim
871 1130 1058 1196 consistere
1072 1129 1214 1205 flumen,

164 1260 228 1304 nec
244 1238 331 1303 levis
348 1239 434 1303 hora
450 1249 580 1323 potest3
605 1237 669 1303 sed
685 1248 723 1302 ut
737 1237 833 1303 unda
848 1235 1034 1322 impellitur
1049 1236 1155 1314 unda,

163 1365 399 1433 urgueturque
415 1345 538 1408 eadem
554 1343 698 1409 veniens
713 1355 906 1431 urguetque
922 1342 1071 1430 priorem
1082 1379 1128 1392 --

161 1465 320 1537 tempora
334 1452 387 1516 sic
402 1449 539 1538 fugiunt
555 1451 693 1536 pariter,
713 1451 907 1538 pariterque
923 1460 1125 1537 sequuntur,

163 1569 196 1623 et
210 1579 303 1622 nova
319 1567 400 1621 sunt
414 1577 570 1643 semper3
589 1577 671 1621 nam
686 1557 779 1643 quod
795 1555 859 1623 suit
873 1568 965 1630 ante.
980 1557 1133 1622 relictum
1151 1568 1214 1632 est,

164 1665 280 1751 litque,
295 1664 390 1750 quod
403 1663 497 1728 haud
509 1663 631 1739 fuerat,
647 1675 888 1750 momentaque
902 1675 1025 1729 cuncta
1037 1673 1217 1728 novantur.

209 1783 219 1811 ⁶
235 1769 361 1836 Cernis
378 1781 412 1834 et
427 1790 586 1836 emensas
602 1771 638 1835 in
654 1770 769 1835 lucem
785 1770 925 1835 tendere
939 1780 1071 1846 noctes,

164 1889 197 1944 et
208 1878 314 1966 jubar
330 1879 397 1942 boc
414 1877 558 1945 nitidum
573 1876 696 1965 nigrae
713 1875 900 1942 succedere
915 1875 1026 1952 nocti;

163 2006 229 2050 nec
245 1984 341 2049 color
356 1995 408 2049 est
423 1982 515 2049 idem
533 1984 644 2057 caelo,
662 2003 741 2049 cum
758 1983 850 2048 lassa
865 1983 979 2070 quiete

165 2105 289 2158 cuncta
301 2090 420 2180 jacent
436 2089 562 2165 media,
580 2110 730 2176 cumque
747 2091 827 2156 albo
842 2089 984 2156 Lucifer
1000 2089 1071 2155 exit

165 2200 280 2264 clarus
296 2209 406 2285 equo}
432 2218 617 2284 rursusque
635 2197 736 2271 alins,
755 2217 833 2263 cum
851 2197 991 2282 praevia
1007 2196 1095 2263 lucis
1170 2229 1219 2283 ¹90

164 2304 371 2370 tradendum
387 2302 530 2368 Phoebo
547 2302 736 2368 Pallantias
753 2303 860 2369 inficit
875 2303 1006 2369 orbem.

165 2412 239 2498 ipse
255 2410 312 2476 dei
329 2411 461 2498 clipeus
477 2421 568 2476 terra
584 2431 664 2476 cum
680 2409 808 2475 tollitur
823 2409 894 2474 iura

166 2536 268 2582 mane
285 2516 397 2593 rubet,
413 2526 572 2603 terraque
588 2515 687 2580 rubet
703 2535 781 2581 cum
798 2515 956 2581 conditur
971 2514 1061 2589 ima;

167 2624 337 2690 candidus
352 2623 388 2688 in
403 2644 540 2688 summo
555 2632 618 2697 est,
637 2621 761 2688 melior
775 2633 897 2687 natura
913 2621 1004 2708 quod
1021 2620 1093 2687 illic

168 2731 316 2796 aetheris
332 2742 395 2805 est,
413 2740 593 2815 terraeque
609 2729 730 2814 procul
746 2727 908 2816 contagia
924 2727 1024 2815 sugit.
1172 2758 1220 2817 ¹95

167 2862 233 2907 nec
249 2861 314 2927 par
328 2850 388 2906 aut
402 2839 524 2906 eadem
542 2850 731 2904 nocturnae
749 2836 857 2901 forma
875 2835 1011 2900 Dianae
1314 2821 1318 2834 ’

126 2981 129 2988 -
168 2969 244 3014 esse
262 2957 373 3034 potest
388 2967 574 3032 umquam
599 2965 804 3032 semperque
822 2943 987 3008 hodierna
1004 2954 1182 3031 sequente,

169 3055 197 3120 si
213 3055 348 3129 crescit,
368 3053 478 3119 minor
493 3065 558 3130 est,
576 3051 699 3141 major,
717 3051 746 3116 si
763 3051 932 3117 contrahit
947 3051 1078 3116 orbem.

216 3172 226 3203 ‘
242 3160 361 3245 Quid?
384 3161 505 3227 nonin
521 3161 655 3248 species
671 3163 857 3227 succedere
873 3171 1031 3248 quattuor
1048 3180 1176 3226 annum

170 3268 310 3353 aspicis,
329 3268 450 3332 aetatis
467 3278 690 3354 peragentem
708 3267 898 3332 imitamina
914 3265 1072 3334 nostrae?
1170 3300 1223 3340 200

168 3394 251 3438 narn
267 3384 364 3439 tener
379 3384 414 3438 et
429 3373 560 3438 lactens
576 3374 742 3460 puerique
757 3374 951 3440 simillimus
968 3396 1053 3440 aevo

168 3478 263 3545 Vere
279 3501 370 3546 novo
386 3490 457 3554 estr
481 3491 563 3545 tunc
579 3480 686 3545 herba
704 3502 824 3546 recens
840 3493 874 3547 et
889 3482 1020 3548 roboris
1036 3499 1161 3568 expers

169 3596 297 3673 turget,
314 3598 349 3651 et
363 3581 510 3651 insolida
527 3597 591 3661 est,
609 3597 643 3652 et
657 3607 719 3672 spe
735 3587 882 3652 delectat
897 3601 1062 3675 agrestes.

168 3693 288 3758 omnia
302 3703 385 3758 tunc
399 3691 534 3767 florent,
550 3690 742 3778 florumque
759 3692 930 3758 coloribus
945 3693 1058 3756 almus

170 3800 256 3866 ludit
272 3820 371 3887 ager,
389 3818 501 3885 neque
516 3798 632 3863 adhuc
646 3799 753 3862 virtus
769 3797 804 3861 in
821 3797 998 3862 frondibus
1014 3799 1085 3862 ulla
1102 3809 1164 3862 est.

170 3905 292 3970 transit
307 3905 343 3970 in
360 3903 538 3968 Aestatem
555 3914 633 3988 post
648 3923 708 3968 ver
724 3902 894 3982 robustior
910 3923 1021 3968 annus

171 4012 274 4098 fitque
290 4010 414 4076 valens
425 4008 583 4097 juvenis3
608 4028 720 4092 neque
736 4007 829 4068 enim
845 4005 1013 4068 robustior
1029 4014 1124 4066 aetas
