2767 4467
139 305 176 358 11.
193 303 287 378 6,12.]
467 287 584 376 Elegy
606 308 650 352 on
672 308 697 351 a
719 285 865 352 Parrot.
1120 279 1183 368 167

136 483 270 570 Tityrus
286 495 320 550 et
335 485 458 574 fruges
473 483 677 572 Aeneiaque
695 504 791 548 arma
807 483 978 572 legentur,
1150 509 1183 568 ²5

176 589 288 655 Roma
303 591 507 677 triumphati
524 592 605 656 dum
622 601 726 676 caput
740 590 832 656 orbis
848 589 923 655 erit.

135 694 251 760 Donec
266 708 369 763 erunt
383 698 486 786 ignes
501 717 669 785 arcusque
684 695 867 782 Cupidinis
883 715 994 774 arma,

168 801 362 895 *Discentur
378 802 526 880 numeri,
544 804 633 868 culte
649 803 803 878 Tibulle,
820 802 878 867 tui.

134 906 252 973 Gallus
268 920 304 974 et
321 909 503 996 Hesperiis
518 920 552 976 et
568 909 691 974 Gallus
708 920 808 974 notus
824 907 920 986 Eois,

175 1013 219 1078 Et
234 1036 297 1080 sua
314 1037 396 1081 cum
413 1016 517 1081 Gallo
533 1026 614 1082 nota
629 1014 777 1102 Lycoris
793 1014 867 1079 erit.
1150 1046 1186 1102 30

134 1119 225 1208 Ergo
241 1142 323 1186 cum
340 1122 470 1198 silices,
488 1143 568 1187 cum
583 1123 670 1188 dens
686 1121 845 1207 patientis
862 1119 966 1187 aratri

177 1227 379 1314 Depereant
394 1250 494 1305 aevo,
511 1227 665 1294 carmina
681 1238 789 1294 morte
806 1237 935 1294 carent.

134 1330 268 1400 Cedant
282 1335 496 1400 carminibus
511 1355 614 1423 reges
630 1354 822 1421 regumque
838 1333 1015 1422 triumphi,

175 1439 289 1508 Cedat
304 1452 340 1508 et
356 1440 494 1507 auriferi
510 1440 586 1527 ripa
600 1440 754 1528 benigna
769 1439 875 1528 Tagi.

132 1544 223 1612 Vilia
240 1547 386 1614 miretur
400 1549 548 1636 vulgus:
572 1546 657 1613 mihi
672 1545 783 1612 flavus
798 1545 926 1633 Apollo
992 1535 994 1540 ¹

175 1652 311 1720 Pocula
327 1654 480 1721 Castalia
497 1655 601 1741 plena
616 1652 783 1720 ministret
799 1674 902 1740 aqua,

134 1759 401 1849 Sustineamque
417 1782 518 1828 coma
534 1771 743 1826 metuentem
759 1759 887 1847 frigora
903 1771 1073 1849 myrtum:

175 1866 296 1956 Atque
312 1869 358 1933 ita
374 1867 519 1935 sollicito
534 1868 661 1934 multus
678 1877 815 1932 amante
831 1867 941 1954 legar.

134 1973 293 2041 Pascitur
309 1975 345 2040 in
360 1973 447 2040 vivis
463 1973 590 2049 Livor3
614 1986 690 2061 post
706 1973 775 2040 lata
790 1972 947 2060 quiescit,

177 2081 270 2148 Cum
287 2105 371 2148 suus
387 2104 432 2148 ex
448 2080 568 2148 merito
583 2102 755 2168 quemque
771 2091 883 2146 tuetur
899 2081 1020 2146 honos.

135 2187 229 2277 Ergo
246 2189 351 2255 etiam
366 2210 446 2255 cum
463 2210 518 2255 me
535 2209 716 2274 supremus
732 2185 885 2252 adederit
900 2185 1005 2273 ignis,

178 2294 323 2373 Vivam,
340 2316 489 2384 parsque
504 2294 573 2362 mei
588 2294 696 2360 multa
712 2303 884 2382 superstes
900 2292 975 2360 erit.

362 2635 397 2684 a.
421 2617 538 2707 Elegy
560 2640 604 2686 on
626 2641 651 2685 a
672 2618 809 2686 Parrot
833 2616 887 2708 (ii.
904 2614 962 2706 6).

208 2831 465 2911 SITTACUS,
484 2832 556 2901 eois
572 2833 735 2900 imitatrix
751 2835 824 2900 ales
840 2834 884 2899 ab
899 2832 1008 2911 Indis,

254 2939 412 3006 Occidit!
437 2942 619 3028 exsequias
636 2941 681 3007 ite
698 2942 906 3029 frequenter,
924 2961 1018 3006 aves.

140 3044 203 3122 Ite,
221 3047 300 3132 piae
316 3048 486 3123 volucres,
504 3059 537 3112 et
554 3048 707 3136 plangite
725 3061 863 3134 pectora
880 3047 1007 3134 pinnis,

185 3152 230 3218 Et
245 3153 358 3241 rigido
373 3165 509 3219 teneras
524 3175 641 3242 ungue
657 3165 771 3221 notate
787 3174 909 3243 genas.

23 3293 28 3301 ·
141 3257 294 3324 Horrida
311 3281 372 3345 pro
388 3259 527 3325 maestis
542 3260 689 3326 lanietur
705 3261 823 3346 pluma
839 3259 986 3347 capillis,
1177 3287 1191 3343 ς

185 3365 254 3430 Pro
271 3365 377 3452 longa
392 3377 552 3431 resonent
567 3366 722 3432 carmina
737 3377 851 3432 vestra
866 3367 960 3432 tuba.

144 3469 248 3559 Quod
265 3473 378 3537 scelus
395 3471 529 3536 ismarii
544 3473 709 3559 quereris,
727 3471 933 3549 Philomela,
950 3469 1101 3560 tyranni,

187 3577 336 3662 Expleta
352 3587 404 3642 est
418 3578 518 3644 annis
533 3578 598 3643 ista
612 3579 766 3665 querella
782 3579 865 3644 suis.

142 3679 245 3748 Alitis
261 3683 297 3746 in
313 3702 411 3748 rarae
428 3683 592 3748 miserum
607 3685 784 3750 devertere
800 3685 924 3750 sunus:

187 3787 325 3876 Magna
341 3789 404 3854 sed
420 3788 549 3875 antiqui
566 3810 672 3854 causa
689 3790 815 3855 doloris
831 3789 918 3878 Itys.
1164 3817 1197 3856 ro

145 3893 290 3970 Omnes,
309 3915 399 3981 quae
415 3894 544 3980 liquido
560 3894 691 3960 libratis
706 3895 742 3960 in
759 3899 839 3960 aire
855 3914 988 3968 cursus,

187 4001 246 4066 Tu
261 4011 378 4066 tamen
395 4011 474 4066 ante
490 4001 589 4076 alios,
606 4010 714 4064 turtur
730 3999 853 4074 amice,
871 3999 962 4064 dole.
