2767 4467
498 288 647 356 Skorter
669 286 805 352 Poems.
984 297 1167 369 [Honoroes

495 730 544 795 ΙΙ.
593 729 802 794 HERomos.
825 829 826 832 Ἴ

177 925 247 976 Tuo
258 919 396 978 Hermos
409 923 442 993 (“
452 922 593 976 Heroines
602 920 631 990 ”)
646 936 694 974 are
707 936 724 972 a
736 919 823 974 series
834 917 867 972 of
875 917 960 974 about
969 927 1074 990 twenty
1081 917 1182 972 letters

124 1007 280 1063 addressed
298 1008 368 1062 from
382 1011 494 1063 various
513 1006 644 1078 mythical
662 1005 718 1059 and
737 1005 888 1077 legendary
900 1005 1182 1076 persons,—chiefly

125 1093 194 1147 lrom
207 1095 300 1166 lonely
312 1097 396 1149 wives
416 1094 472 1148 and
494 1094 625 1147 lorsaken
643 1092 738 1147 brides
759 1101 788 1146 to
806 1093 937 1147 husband
950 1110 982 1146 or
994 1093 1077 1146 lover.
1116 1093 1182 1145 The

125 1182 251 1250 example
263 1182 329 1236 here
341 1182 423 1252 given
436 1182 461 1234 is
476 1181 524 1234 the
536 1180 598 1233 first
609 1179 666 1232 and
678 1179 800 1250 perhaps
813 1180 878 1235 best
889 1180 923 1234 ol
937 1181 983 1235 the
996 1180 1094 1235 series.

423 1345 429 1413 s
448 1374 622 1460 Penelope
644 1383 678 1438 to
711 1373 859 1461 Ulysses.

126 1552 314 1698 HANC
329 1566 387 1619 tua
403 1553 578 1639 Penelope
596 1555 687 1620 lento
703 1555 762 1620 tibi
779 1555 889 1633 mittit,
907 1555 1033 1622 Ulixe:

256 1661 316 1726 Nil
334 1659 417 1724 mihi
434 1660 616 1737 rescribas,
636 1672 800 1727 attamen
818 1661 890 1747 ipse
906 1661 996 1727 veni.

125 1768 232 1856 Troja
244 1768 337 1857 jacet
353 1779 456 1844 certe,
476 1767 609 1834 Danais
625 1769 735 1834 invisa
753 1769 896 1854 puellis3

170 1875 242 1940 Vix
258 1874 416 1940 Priamus
432 1874 516 1939 tanti
533 1886 668 1961 totaque
685 1875 791 1964 Troja
808 1875 881 1940 fuit.

126 1981 159 2048 Ο
175 1981 306 2046 utinam
321 1993 407 2057 tum,
427 2003 506 2046 curn
522 1980 790 2047 Lacedaemona
808 1983 918 2048 classe
934 1981 1083 2070 petebat,
1170 2012 1188 2066 ς

172 2088 324 2154 Obrutus
340 2087 471 2152 insanis
487 2099 577 2153 esset
593 2089 726 2153 adulter
743 2087 861 2175 aquisl

125 2195 208 2261 Non
224 2216 292 2284 ego
308 2196 442 2261 deserto
456 2194 641 2283 jacuissem
660 2195 786 2282 frigida
803 2196 904 2271 lecto,

171 2302 253 2368 Non
268 2323 431 2389 quererer
446 2302 562 2366 tardos
577 2300 626 2366 ire
643 2301 760 2366 relicta
777 2301 871 2377 dies;

125 2409 205 2475 Nec
221 2408 305 2473 mihi
320 2409 498 2495 quaerenti
514 2407 699 2493 spatiosam
718 2407 835 2473 fallere
853 2419 987 2473 noctem

170 2515 354 2582 Lassasset
369 2515 491 2580 viduas
509 2515 659 2600 pendula
675 2515 743 2579 tela
761 2536 896 2580 manus.
1153 2549 1190 2588 10

127 2621 279 2708 Quando
295 2645 362 2712 ego
379 2645 447 2689 non
465 2620 561 2687 timui
579 2622 738 2708 graviora
755 2621 907 2707 pericula
923 2620 1035 2688 veris?

172 2730 245 2796 Res
262 2743 313 2796 est
328 2729 463 2796 solliciti
480 2730 583 2814 plena
599 2726 730 2793 timoris
748 2749 855 2793 amor.

125 2836 215 2903 Inte
232 2838 406 2925 fingebam
424 2836 591 2901 violentos
608 2834 719 2900 Troas
737 2834 862 2908 itur0s3

169 2943 321 3008 Nomine
338 2943 372 3006 in
392 2943 563 3006 Hectoreo
581 2940 710 3025 pallida
727 2963 863 3026 semper
880 2962 986 3006 eram.

125 3048 208 3114 Sive
224 3049 300 3136 quis
316 3047 539 3114 Antilochum
557 3049 720 3112 narrabat
736 3049 780 3112 ab
798 3047 947 3113 Hectore
964 3047 1106 3125 victum,
1153 3080 1187 3136 15

170 3155 376 3222 Antilochus
393 3157 497 3221 nostri
514 3178 620 3222 causa
636 3154 766 3221 timoris
786 3167 877 3230 erat3
1020 3147 1022 3152 ⁵

125 3261 221 3338 Sive,
239 3263 483 3329 Menoetiaden
501 3262 595 3329 salsis
614 3263 780 3329 cecidisse
798 3263 861 3328 sub
879 3261 997 3339 armiS,

170 3371 314 3435 Flebam
332 3392 494 3436 successu
510 3393 611 3457 posse
629 3392 747 3436 carere
766 3370 882 3444 dolos;

126 3476 306 3564 Sanguine
321 3477 544 3562 Tlepolemus
563 3476 710 3564 Lyciam
728 3479 935 3564 tepefecerat
953 3477 1102 3553 hastam,

170 3582 365 3667 Tlepolemi
382 3583 449 3648 leto
466 3604 548 3648 cura
566 3595 690 3648 novata
709 3605 785 3648 mea
802 3597 873 3658 est3
1151 3615 1188 3654 20

92 3768 103 3784 ·
126 3687 298 3774 Denique,
317 3689 469 3775 quisquis
486 3701 558 3754 erat
574 3689 693 3754 castris
706 3689 886 3778 jugulatus
903 3688 1048 3754 Achivis

170 3794 344 3882 Frigidius
360 3795 473 3882 glacie
491 3807 608 3880 pectus
626 3796 772 3861 amantis
788 3807 872 3860 erat.

126 3899 197 3966 Sed
213 3902 301 3966 bene
318 3901 488 3965 consuluit
503 3912 596 3965 casto
613 3901 697 3966 deus
715 3922 846 3988 aequus
863 3902 992 3966 amori:

169 4004 283 4072 Versa
300 4018 350 4071 est
366 4006 400 4070 in
416 4006 548 4073 cineres
565 4006 691 4091 sospite
707 4006 815 4094 Troja
830 4006 916 4073 viro.
