2767 4467
174 311 238 401 148
402 312 438 381 Τ
431 315 475 380 he
508 314 667 404 Worshr'p
689 318 738 403 os
749 315 993 405 AEsculapius.
1075 331 1229 399 [Merum

170 508 424 597 Parthenopen,
443 523 476 578 et
491 512 536 578 ab
552 514 620 580 hac
635 512 814 580 Cumaeae
829 512 959 598 templa
975 509 1145 598 Sibyllae.

169 617 251 683 hinc
266 617 369 684 calidi
386 618 495 685 fontes
511 620 825 707 lentisciferumque
841 629 974 685 tenetur

169 720 386 799 Linternum,
406 725 616 811 multamque
631 724 773 789 trahens
789 724 853 789 sub
869 721 1007 811 gurgite
1024 742 1168 789 arenam

168 828 370 905 Volturnus,
390 829 567 916 niveisque
584 829 746 916 frequens
762 828 929 894 Sinuessa
948 829 1130 906 columbis,
1170 859 1220 918 715

168 933 435 1024 Minturnaeque
451 956 590 1024 graves,
609 946 642 1001 et
656 956 761 1022 quam
777 935 957 1001 tumulavit
973 937 1146 1010 alumnus,

167 1040 447 1130 Antiphataeque
463 1043 600 1119 domus,
617 1040 844 1128 Trachasque
860 1041 1002 1109 obsessa
1018 1044 1158 1130 palude,

167 1160 203 1215 et
216 1150 318 1215 tellus
333 1148 494 1225 Circaea,
512 1160 546 1215 et
560 1147 660 1234 spissi
677 1147 785 1213 litoris
801 1147 959 1215 Antium.

215 1255 296 1322 Huc
310 1256 370 1321 ubi
385 1256 563 1321 veliferam
579 1265 707 1320 nautae
724 1254 902 1323 advertere
920 1256 1073 1325 carinam
1085 1297 1131 1310 -

169 1384 271 1449 asper
286 1363 377 1430 enim
390 1363 463 1452 jam
478 1374 603 1447 pontus
619 1372 748 1428 erat-
760 1362 845 1428 deus
862 1365 1013 1452 explicat
1027 1367 1142 1442 orbes,
1169 1396 1219 1450 720

168 1490 298 1557 perque
314 1470 409 1535 sinus
425 1471 564 1534 crebros
581 1481 614 1534 et
631 1465 759 1556 magna
776 1471 951 1538 volumina
968 1471 1101 1548 labens,

168 1577 295 1662 templa
311 1575 462 1663 parentis
477 1575 539 1641 init
553 1575 680 1641 flavum
699 1576 875 1664 tangentia
891 1578 983 1646 litus.

169 1703 317 1770 aequore
334 1692 455 1769 pacato
472 1682 601 1769 patrias
616 1680 828 1768 Epidaurius
846 1704 924 1751 aras

168 1789 301 1878 linquit,
320 1801 353 1856 et
368 1789 515 1877 hospitio
527 1788 637 1879 juncti
652 1787 717 1855 sibi
734 1789 884 1857 numinis
900 1813 983 1858 usus

168 1897 323 1962 litoream
340 1907 449 1962 tractu
465 1915 632 1983 squamae
648 1894 846 1982 crepitantis
864 1918 1004 1964 arenam
1171 1929 1218 1985 725

168 2004 291 2078 sulcat,
310 2015 343 2068 et
357 2003 496 2068 innixus
514 2001 748 2068 moderamine
765 2003 864 2070 navis
880 2005 915 2070 in
932 2005 1002 2070 alta

168 2131 284 2196 puppe
301 2121 403 2195 caput
418 2108 543 2196 posuit,
561 2109 673 2174 donec
688 2107 919 2198 Castrumque
936 2131 1122 2200 sacrasque

168 2215 294 2281 Lavini
310 2217 411 2282 sedes
426 2215 661 2304 Tiberinaque
678 2216 723 2282 ad
739 2216 825 2283 ostia
842 2217 947 2283 venit.

215 2322 296 2389 Huc
310 2344 431 2390 omnes
447 2323 564 2411 populi
580 2322 724 2409 passim,
744 2334 959 2412 matrumque
978 2335 1182 2412 patrumque

167 2429 269 2496 obvia
284 2430 383 2496 turba
399 2430 478 2506 ruit,
496 2449 654 2517 quaeque
669 2428 784 2516 ignes,
802 2428 943 2505 Troica,
964 2443 1115 2506 servant,
1171 2420 1221 2516 736

167 2536 288 2613 Vesta,
305 2547 394 2612 tuos,
412 2537 570 2624 laetoque
585 2535 689 2600 deum
707 2534 859 2602 clamore
877 2536 1026 2603 salutant
1036 2559 1045 2611 ;

167 2665 304 2732 quaque
321 2664 382 2728 per
397 2643 561 2709 adversas
577 2641 674 2707 navis
692 2641 759 2708 cita
776 2642 910 2708 ducitur
927 2643 1052 2720 undas,

167 2761 243 2815 tura
258 2770 362 2834 super
377 2749 470 2835 ripas
485 2748 554 2814 aris
569 2769 615 2814 ex
630 2747 751 2815 ordine
768 2749 866 2815 factis

167 2869 264 2943 parte
279 2857 323 2921 ab
339 2866 482 2942 utraque
498 2865 635 2930 sonant,
653 2866 686 2920 et
702 2855 846 2922 odorant
863 2861 943 2922 abra
960 2854 1085 2922 fumis:

166 2962 302 3050 ictaque
318 2963 490 3051 conjectos
505 2962 679 3042 incalfacit
696 2963 805 3028 hostia
824 2963 962 3029 cultros.
1169 2993 1217 3048 735

207 3071 355 3159 Jamque
371 3083 474 3157 caput
489 3093 617 3148 rerum,
635 3071 832 3138 Romanam
851 3069 1035 3136 intraverat
1050 3071 1184 3136 urbem.

166 3177 308 3266 erigitur
323 3200 477 3264 serpens,
496 3200 698 3266 summoque
714 3177 861 3244 acclinia
879 3177 973 3243 malo

166 3286 256 3350 colla
273 3299 397 3362 movet,
416 3287 583 3374 sedesque
599 3285 663 3353 sibi
679 3283 910 3373 circumspicit
926 3295 1036 3370 aptas.

166 3392 332 3458 scinditur
346 3391 381 3457 in
398 3393 556 3480 geminas
571 3403 685 3478 partes
702 3391 922 3459 circumfluus
938 3390 1070 3456 amnis:

165 3495 280 3559 tirsula
297 3516 423 3560 nomen
439 3495 563 3568 habet;
587 3495 801 3582 laterumque
818 3516 837 3560 e
854 3505 950 3582 parte
966 3493 1113 3560 duorum
1166 3522 1217 3577 740

165 3600 310 3688 porrigit
325 3600 488 3687 aequales
503 3601 615 3666 media
631 3602 752 3666 tellure
768 3602 927 3667 lacertos.

166 3708 234 3772 huc
250 3729 287 3772 se
303 3707 347 3773 de
363 3706 464 3772 Latia
481 3706 563 3792 pinu
579 3705 774 3773 Phoebeius
791 3709 916 3796 anguis

166 3813 319 3890 contulit,
337 3825 371 3878 et
386 3813 490 3878 finem
506 3813 620 3900 specie
636 3813 784 3879 caeleste
801 3827 975 3902 resumpta

166 3921 311 3987 luctibus
328 3919 502 4010 imposuit,
519 3917 679 4010 venitque
695 3919 850 3987 salutifer
865 3919 966 3988 Urbi.
