2767 4467
153 327 188 379 x.
201 325 257 396 74]
424 306 629 393 Half-wan,
647 307 707 372 but
729 306 794 371 lost
816 306 938 394 agurii.
1167 325 1212 394 99

154 524 351 590 exsangues
367 504 501 570 flebant
516 503 674 577 animae3
699 523 765 568 nec
781 499 951 568 Tantalus
967 499 1096 568 undam

153 610 300 696 captavit
316 611 494 698 refugam,
513 610 708 696 stupuitque
726 608 857 674 Ixionis
872 607 976 684 othir,

152 737 214 804 nec
230 737 396 801 carpsere
409 717 510 805 jecur
524 716 695 790 volucres,
713 715 878 801 urnisque
893 724 1061 780 vacarunt

152 820 303 898 Belides,
322 824 431 909 inque
446 833 504 888 tuo
521 821 651 897 sedisti,
669 820 834 908 Sisyphe,
852 841 949 887 saxo.

151 937 231 992 tunc
247 929 402 1013 primum
419 928 570 993 lacrimis
586 927 753 992 victarum
771 927 924 992 carmine
941 926 1032 991 fama
1049 935 1101 992 est
1175 955 1210 1012 45

152 1033 390 1099 Eumenidum
407 1034 582 1099 maduisse
598 1053 721 1122 genas.
770 1031 849 1097 Nec
864 1032 962 1120 regia
979 1031 1131 1122 conjunx

152 1140 298 1206 sustinet
312 1140 438 1216 oranti,
456 1160 521 1205 nec
536 1139 594 1227 qui
612 1140 702 1227 regit
717 1138 801 1215 ima,
820 1158 970 1226 negare:

152 1245 423 1334 Eurydicenque
439 1259 576 1312 vocant.
624 1245 777 1311 Umbras
793 1253 865 1310 erat
881 1243 941 1308 illa
957 1254 1110 1310 recentes

151 1351 250 1429 inter,
271 1364 308 1418 et
324 1353 464 1419 incessit
480 1373 585 1438 passu
600 1351 644 1416 de
660 1351 803 1416 vulnere
819 1350 928 1415 tardo.

152 1459 244 1525 hanc
262 1459 368 1526 simul
385 1470 418 1524 et
434 1459 549 1547 legem
566 1457 796 1542 Rhodopeius
812 1455 935 1542 accipit
952 1457 1064 1532 heros,
1176 1485 1210 1542 50

153 1587 195 1629 ne
211 1565 332 1630 flectat
347 1575 437 1630 retro
453 1586 517 1630 sua
533 1564 679 1638 lumina,
698 1563 808 1628 donec
823 1561 983 1628 Avernas

154 1672 276 1737 exierit
291 1672 413 1747 valles,
433 1681 491 1735 aut
506 1670 599 1734 irrita
617 1670 709 1735 dona
725 1669 850 1734 futura.

197 1777 364 1862 Carpitur
380 1777 520 1842 acclivis
537 1796 599 1862 per
616 1786 710 1840 muta
727 1773 862 1842 silentia
878 1786 1018 1851 trames,

155 1886 297 1960 arduus,
315 1884 495 1959 obscurus,
515 1881 666 1970 caligine
683 1882 810 1948 densus
826 1902 949 1968 opaca.

155 2012 219 2055 nec
236 1990 357 2076 procul
373 1990 533 2054 afuerunt
548 1990 678 2053 telluris
696 1989 852 2076 margine
869 2009 1045 2054 summae:
1175 2015 1209 2075 55

156 2097 224 2172 hic,
244 2118 287 2162 ne
303 2096 466 2163 deficeret
482 2106 651 2170 metuens,
669 2095 859 2181 avidusque
875 2095 1029 2170 videndi,

156 2203 250 2268 flexit
266 2222 389 2268 amans
403 2203 542 2276 oculos;
567 2211 600 2266 et
615 2201 770 2285 protinus
785 2201 845 2266 illa
861 2201 996 2287 relapsa
1013 2213 1076 2277 est,

137 2311 388 2398 -bracchiaque
404 2309 584 2376 intendens
601 2308 791 2396 prendique
808 2318 842 2374 et
858 2309 1027 2393 prendere
1043 2320 1186 2395 captans

158 2420 204 2484 nil
220 2418 286 2483 nisi
304 2418 466 2484 cedentes
481 2416 602 2482 infelix
619 2414 737 2503 arripit
753 2436 867 2482 auras.

155 2527 295 2616 jamque
312 2525 435 2591 iterum
453 2524 602 2590 moriens
617 2545 687 2589 non
704 2533 755 2588 est
770 2524 814 2589 de
831 2523 979 2612 conjuge
995 2520 1180 2608 quicquam

157 2648 277 2721 questa
293 2656 378 2701 suo:
403 2635 486 2724 quid
502 2633 592 2700 enim
610 2633 677 2698 nisi
693 2655 732 2698 se
747 2641 946 2718 quereretur
963 2627 1135 2694 amatam?

158 2764 425 2830 supremumque
454 2740 570 2808 Vale!
592 2742 685 2828 quod
697 2740 770 2829 jam
787 2738 846 2804 vix
863 2739 1002 2804 auribus
1018 2737 1075 2802 ille

159 2850 341 2935 acciperet,
361 2849 459 2924 dixit,
478 2850 700 2935 revolutaque
717 2867 833 2912 rursus
851 2847 970 2911 eodem
988 2856 1051 2910 est.

202 2955 285 3021 Non
302 2957 400 3021 aliter
416 2955 543 3041 stupuit
557 2956 697 3042 gemina
713 2975 798 3020 nece
816 2953 973 3040 conjugis
990 2950 1164 3037 Orpheus,

159 3082 263 3147 quam
279 3060 343 3124 tria
359 3060 419 3146 qui
435 3059 587 3136 timidus,
606 3060 721 3124 medio
737 3070 891 3146 portante
908 3068 1062 3130 catenas,
1177 3071 1211 3140 65

160 3168 248 3232 colla
266 3166 362 3231 canis
378 3167 481 3241 vidit;
505 3188 608 3254 quem
626 3188 695 3230 non
712 3187 818 3252 pavor
834 3177 912 3230 ante
928 3163 1074 3250 reliquit,

160 3275 403 3360 quam-natura
420 3273 523 3358 prior,
539 3294 625 3337 saxo
641 3294 703 3358 per
719 3293 843 3359 corpus
859 3273 997 3337 oborto:

160 3382 287 3468 quique
304 3381 339 3446 in
357 3401 394 3445 se
412 3380 540 3444 crimen
557 3379 659 3443 traxit
675 3378 848 3465 voluitque
864 3377 971 3444 videri

161 3487 291 3553 Olenos
309 3507 386 3551 esse
403 3507 544 3560 nocens,
561 3496 666 3570 tuque
683 3483 716 3550 Ο
732 3486 861 3550 confisa
878 3485 1025 3571 figurae,

159 3590 281 3655 infelix
299 3589 469 3663 Lethaea,
488 3599 580 3662 tuae,
595 3587 810 3675 junctissima
826 3588 1001 3672 quondam
1182 3613 1216 3668 70

159 3708 315 3785 pectora,
334 3694 589 3778 nunclapides,
606 3715 692 3780 quos
709 3693 851 3756 humida
868 3692 1008 3756 sustinet
1025 3691 1099 3756 lde.

204 3805 375 3870 Orantem
392 3802 582 3887 frustraque
598 3800 720 3863 iterum
736 3797 880 3862 transire
897 3798 1069 3864 volentem

46 3935 52 3950 ·
159 3911 303 3998 portitor
320 3917 487 3972 arcuerat.
537 3905 678 3990 Septem
693 3916 809 3966 tamen
826 3901 883 3964 ille
900 3901 1021 3968 diebus

158 4015 346 4105 squalidus
360 4013 395 4077 in
412 4013 487 4097 ripa
502 4010 641 4076 Cereris
657 4009 731 4072 sine
748 4025 890 4067 munere
907 4006 1014 4076 sedit;
