2767 4467
13 322 14 329 ,
110 214 251 343 ‘mm
420 255 651 345 Triptolemus
674 257 749 323 and
767 256 922 346 Lyncus.
1017 204 1021 210 ·
1154 274 1200 347 59

135 474 187 518 ros
201 450 297 517 cadit
310 474 320 528 3
348 462 387 519 et
400 450 501 519 citius
516 474 620 540 quam
636 474 729 520 nunc
744 452 803 519 tibi
819 454 911 520 sacta
925 473 1079 532 renarro,
1144 470 1196 542 ⁶33

139 559 174 624 in
186 559 307 625 latices
324 569 457 623 mutor.
505 558 577 626 Sed
593 560 684 625 enim
700 560 878 648 cognoscit
893 572 1025 628 amatas

65 704 68 710 ι
144 665 250 731 amnis
267 686 394 753 aquas,
414 663 592 753 positoque
607 664 671 731 viri
688 667 781 755 quod
797 679 990 755 sumpserat
1005 688 1079 746 ore,

139 773 280 837 ¹vertitur
296 774 332 836 in
348 770 520 857 proprias,
539 783 576 837 ut
591 793 628 837 se
645 772 729 837 mihi
747 774 900 851 misceat,
918 775 1044 841 undas.

144 876 243 943 Delia
260 877 353 965 rupit
370 878 526 951 humum,
545 876 727 963 caecisque
742 900 809 967 ego
826 880 1114 947 mersa'cavernis

133 976 297 1056 advehor
311 982 510 1071 Ortygiam,
529 1002 619 1069 quae
636 1004 691 1049 me
708 985 914 1073 cognomine
930 985 1031 1053 divae
1143 1004 1198 1071 640

145 1102 242 1179 grata
261 1110 360 1156 meae
376 1108 520 1175 superas
535 1088 655 1154 eduxit
671 1089 783 1175 prima
799 1074 863 1155 sub
880 1090 1007 1157 auras.'
1028 1101 1055 1165 J>

71 1183 74 1189 ¹
189 1194 271 1263 Hac
287 1196 462 1261 Arethusa
479 1205 591 1261 tenus.
641 1182 814 1261 Geminos
824 1195 890 1261 dea
906 1197 1025 1265 fertilis
1041 1218 1175 1287 angues

60 1358 67 1373 .
144 1305 301 1371 curribus
317 1303 480 1381 admovit,
496 1303 670 1390 frenisque
686 1302 837 1369 coercuit
851 1326 926 1381 ora,

140 1423 178 1477 et
193 1412 345 1477 medium
360 1410 448 1477 caeli
465 1423 645 1497 terraeque
660 1430 723 1495 per
738 1414 820 1475 aera
836 1422 934 1477 vecta
949 1423 1014 1490 est,

145 1530 246 1605 atque
264 1518 375 1583 levem
391 1538 529 1583 currum
544 1516 725 1581 Tritonida
741 1515 834 1582 misit
848 1516 884 1581 in
899 1519 1021 1584 urbem
1141 1536 1194 1606 645

82 1640 85 1643 “
144 1624 357 1712 Triptolemo
369 1640 383 1700 ς’
403 1623 592 1712 partimque
609 1623 685 1688 rudi
702 1624 781 1689 data
798 1622 932 1689 semina
944 1624 1045 1712 jussit

65 1812 68 1819 Ι
144 1752 309 1819 spargere
326 1732 443 1807 humo,
462 1730 583 1817 partim
602 1742 678 1817 post
692 1741 848 1816 tempora
863 1730 970 1818 longa
986 1732 1151 1800 recultae.

13 1910 14 1915 ,
71 1921 73 1925 Ι
141 1837 212 1927 jam
229 1857 334 1924 super
348 1837 510 1924 Europen
527 1836 682 1903 sublimis
699 1848 733 1903 et
748 1834 858 1903 Asida
875 1847 1001 1903 terram

13 1960 17 1967 ·
103 2030 107 2039 ι
142 1954 262 2011 vectus
279 1944 518 2033 erat·juvenis;
544 1942 727 2030 Scythicas
743 1943 930 2009 advertitur
945 1965 1036 2009 oras.

143 2074 204 2117 rex
220 2052 268 2116 ibi
285 2050 427 2138 Lyncus
444 2060 527 2116 erat.
576 2050 688 2139 Regis
704 2050 794 2117 subit
809 2050 867 2115 ille
884 2063 1047 2136 penates;
1140 2069 1194 2139 ⁶50

47 2176 49 2179 ·
143 2180 210 2246 qua
226 2158 353 2233 veniat,
372 2177 581 2243 causamque
597 2158 673 2222 viae
689 2178 884 2245 nomenque
900 2168 1042 2245 rogatus

843 2264 929 2332 dunt
946 2260 1151 2341 ‘Athenae;

142 2370 376 2457 Triptolemus
392 2390 531 2435 nomen.
578 2368 670 2435 Veni
686 2390 752 2435 nec
767 2391 883 2457 puppe
899 2390 961 2455 per
976 2370 1102 2447 undas,
1171 2390 1179 2407 ⁴

80 2508 83 2515 ¹
142 2500 208 2551 nec
223 2478 311 2563 pede
328 2498 390 2563 per
404 2488 532 2542 terras:
556 2476 664 2562 patuit
679 2476 764 2541 mihi
781 2476 919 2562 pervius
935 2476 1066 2541 aether.

143 2586 233 2650 dona
251 2584 322 2649 lero
339 2581 490 2667 Cereris,
507 2583 593 2648 latos
609 2603 702 2669 quae
717 2602 838 2668 sparsa
854 2603 917 2667 per
933 2602 1038 2669 agros
1140 2598 1193 2671 655

14 2764 24 2773 Α,
51 2681 55 2697 '
142 2688 325 2777 frugiferas
341 2710 471 2755 messes
486 2689 718 2775 alimentaque
734 2687 829 2753 mitia
844 2687 1014 2754 reddant.'

21 2822 24 2833 ·
141 2797 308 2861 barbarus
324 2795 463 2870 invidit;
488 2795 640 2881 tantique
656 2805 693 2862 ut
710 2792 863 2859 muneris
880 2806 997 2861 auctor

140 2902 215 2987 ipse
232 2901 285 2977 sit,
304 2900 452 2986 hospitio
467 2901 599 2987 recipit,
616 2922 808 2989 somnoque
824 2913 1006 2991 gravatum

132 3008 339 3096 *adgreditur
355 3007 457 3072 ferro.
506 3006 699 3074 Conantem
714 3009 824 3097 figere
841 3019 960 3094 pectus

138 3114 241 3203 lynca
258 3113 368 3181 Ceres
385 3112 477 3189 tecit,
494 3135 678 3200 rursusque
694 3136 757 3201 per
772 3120 854 3181 aera
867 3114 967 3203 jussit
1140 3134 1193 3188 660

32 3256 36 3264 ·
135 3220 363 3309 Mopsopium
378 3220 539 3308 juvenem
554 3240 671 3287 sacros
687 3220 821 3310 agitare
833 3220 986 3309 jugales.
