2767 4467
127 260 289 371 X111.853.j
428 281 534 369 Song
552 283 601 366 of
612 280 856 370 Polyphemus.
1104 299 1166 367 133

126 478 241 543 arbutei
257 478 368 544 fetusr
393 479 507 544 omnis
523 478 582 544 tibi
599 477 724 544 serviet
740 477 855 543 arbos.
1115 495 1167 550 820

163 587 262 653 ‘Hoc
285 609 394 673 pecus
418 608 522 653 omne
546 608 659 651 meum
675 596 747 652 est:
773 585 900 651 multae
915 604 1052 673 quoque
1068 585 1165 650 valli-

135 679 148 698 ’
244 695 309 758 bus
327 705 456 768 errant,

120 800 234 866 multas
251 800 339 865 silva
356 799 459 887 tegit,
478 800 606 864 multae
622 799 835 864 stabulantur
851 797 886 863 in
903 797 1029 877 antris3

119 927 189 980 nec,
206 906 234 970 si
250 907 337 970 sorte
353 927 472 992 roges,
492 905 620 990 possim
636 904 696 970 tibi
713 904 828 970 dicere
844 914 928 990 quot
944 905 1029 971 sint:

117 1011 270 1097 pauperis
286 1022 339 1077 est
354 1031 539 1076 numerare
555 1032 673 1096 pecus.
723 1009 777 1075 De
794 1010 954 1076 laudibus
971 1012 1092 1076 harum

116 1117 160 1181 nil
176 1116 257 1181 mihi
273 1118 486 1184 credideris:
511 1137 675 1201 praesens
691 1126 788 1201 potes
804 1116 879 1202 ipsa
895 1117 1026 1194 videre,
1113 1138 1163 1206 εις

116 1234 149 1288 ut
162 1223 219 1288 vix
235 1223 452 1290 circumeant
468 1222 652 1287 distentum
668 1221 826 1288 cruribus
843 1223 939 1290 uber.

116 1340 200 1406 sunt,
217 1329 331 1395 fetura
349 1329 473 1405 minor,
491 1329 614 1414 tepidis
630 1327 665 1392 iu
682 1328 830 1395 ovilibus
846 1330 949 1418 agni3

115 1447 188 1502 sunt
201 1458 357 1524 quoque,
375 1456 439 1523 par
455 1446 562 1511 aetas,
581 1434 657 1498 aliis
673 1433 709 1499 in
725 1435 871 1502 ovilibus
889 1437 1004 1503 haedi.

114 1542 165 1608 lac
180 1543 264 1608 mihi
281 1564 422 1629 semper
437 1542 536 1607 adest
550 1540 711 1605 niveumz
736 1563 816 1627 pars
832 1543 912 1609 inde
927 1543 1076 1609 bibenda

114 1660 277 1726 servatur,
296 1660 431 1736 partem
447 1646 632 1733 liquefacta
649 1649 797 1735 coagula
815 1649 947 1715 durant.
1112 1667 1164 1732 830

156 1754 258 1822 ‘Nec
273 1755 337 1821 tibi
353 1754 498 1820 deliciae
515 1753 646 1828 faciles,
665 1755 874 1842 vulgataque
890 1767 1019 1822 tantum

114 1883 254 1927 munera
271 1861 486 1948 contingent,
505 1860 679 1936 dammae,
697 1861 913 1948 leporesque,
932 1882 1115 1949 caperque,

112 1989 214 2053 parve
231 1969 485 2042 columbarum,
503 1967 705 2051 demptusve
722 1969 901 2033 cacumine
918 1969 1031 2034 nidus.

112 2073 224 2139 inveni
241 2075 415 2164 geminos,
434 2073 491 2160 qui
508 2082 622 2137 tecum
639 2073 759 2140 ludere
776 2074 920 2161 possint,

112 2179 197 2246 inter
211 2203 251 2247 se
267 2181 411 2255 similes,
429 2179 488 2244 vix
505 2190 542 2243 ut
556 2179 760 2266 dignoscere
777 2181 900 2268 possis,
1113 2201 1164 2270 833

111 2286 255 2352 villosae
271 2287 403 2352 catulos
419 2286 453 2350 in
471 2285 613 2350 summis
630 2288 800 2353 montibus
817 2309 939 2364 ursae3

112 2391 243 2468 inveni,
260 2404 294 2459 et
304 2393 382 2459 <dixi
397 2392 574 2458 Dominae
589 2394 802 2459 servabimus
818 2395 910 2459 titos.

108 2497 180 2586 jam
197 2500 302 2565 modo
318 2499 479 2564 caeruleo
494 2498 638 2564 nitidum
656 2511 759 2585 caput
774 2522 896 2568 exsere
913 2512 1030 2588 ponto,

109 2604 195 2693 jam,
214 2605 375 2682 Galatea,
393 2604 485 2680 veni,
504 2625 569 2670 nec
585 2627 727 2670 munera
743 2606 882 2692 despice
900 2619 1028 2672 nostra.

158 2711 288 2778 ‘Certe
303 2733 371 2800 ego
388 2732 443 2776 me
459 2711 552 2787 novi,
567 2711 786 2799 liquidaeque
803 2713 837 2777 in
853 2713 1006 2801 imagine
1024 2714 1093 2779 vidi
1114 2731 1167 2798 840

114 2839 224 2905 nuper
240 2839 369 2906 aquaez
385 2817 579 2906 placuitque
596 2818 679 2883 mihi
698 2839 775 2884 mea
791 2818 901 2884 sorma
917 2819 1057 2885 videnti.

114 2927 246 3012 aspice,
263 2927 328 2991 sim
344 2937 515 3013 quantus:
537 2936 676 2991 nonest
692 2926 758 2990 hoc
774 2946 916 3011 corpore
934 2926 1043 3016 major

109 3029 268 3118 Juppiter
283 3032 319 3097 in
336 3032 434 3098 caelo
444 3068 490 3082 -
501 3054 582 3097 nam
598 3053 661 3098 vos
676 3053 816 3098 narrare
833 3033 948 3098 soletis

108 3131 231 3203 'nescio
247 3158 350 3224 quern
367 3159 514 3224 regnare
525 3138 660 3224 Jovem.
711 3137 822 3204 Coma
838 3139 985 3224 plurima
1002 3149 1114 3205 torvos

114 3243 285 3328 prominet
299 3241 335 3308 in
350 3246 476 3320 vultus,
494 3246 737 3333 humerosque,
756 3257 793 3309 ut
808 3246 918 3320 lucuS,
937 3246 1128 3311 obumbrat.

116 3370 181 3414 nec
197 3349 281 3414 mihi
297 3351 388 3436 quod
404 3349 523 3436 rigidis
540 3353 679 3416 horrent
694 3351 898 3418 densissima
915 3352 1016 3417 saetis
1121 3367 1132 3377 ·

116 3474 273 3541 corpora,
291 3467 390 3541 turpe
406 3468 499 3540 puta.
546 3457 675 3542 Turpis
692 3459 766 3522 sine
784 3457 960 3523 frondibus
979 3461 1100 3534 arbor3

115 3562 223 3647 turpis
239 3583 361 3649 equus,
379 3561 445 3626 nisi
462 3563 550 3628 colla
562 3563 667 3649 jubae
683 3563 844 3627 flaventia
863 3566 998 3639 velent3

117 3666 223 3732 barba
238 3668 331 3734 viros
349 3667 523 3754 hirtaeque
541 3669 664 3734 decent
679 3668 714 3732 in
733 3690 873 3754 corpore
892 3684 1019 3736 saetae.
1117 3689 1170 3756 850

116 3796 222 3840 unum
238 3784 293 3840 est
307 3773 344 3837 in
360 3773 473 3838 media
489 3774 606 3838 lumen
623 3774 706 3837 mihi
724 3775 845 3851 sronte,
865 3778 925 3841 sed
943 3777 1049 3842 instar

118 3880 265 3968 ingentis
281 3879 398 3965 clipei.
447 3877 565 3963 Quid?
589 3900 658 3944 nou
675 3881 893 3945 haecomnia
912 3904 1041 3970 magno

120 3987 167 4052 sol
183 3986 277 4054 videt
293 4007 313 4052 e
330 3983 448 4052 caelo?
473 3985 535 4051 soli
550 3995 666 4050 tamen
683 3983 804 4048 unicus
820 3986 924 4050 orbis.
