2767 4467
168 302 210 351 10
330 302 355 349 1.
396 282 432 349 T
425 283 468 348 he
496 280 659 350 Creation
683 282 759 349 and
778 282 835 348 the
856 278 983 349 Flood.
1070 299 1219 372 [Mn-ffi-

165 480 255 546 filius
272 486 350 545 ante
366 478 457 545 diem
474 478 600 566 patrios
616 478 755 567 inquirit
770 479 806 544 in
822 500 944 545 annos.

164 586 254 652 victa
267 585 359 676 jacet
375 586 503 671 pietas3
528 596 562 651 et
577 584 675 674 virgo
692 586 800 651 caede
817 586 1008 663 madentes,

164 692 284 760 ultima
300 694 500 767 caelestum,
519 702 627 757 terras
644 690 791 757 Astraea
808 691 955 777 reliquit.

165 821 253 865 neve
269 799 354 865 soret
370 797 467 863 terris
484 798 636 864 securior
652 797 781 863 arduus
798 796 929 875 aether,
1010 875 1015 883 ⁸

166 906 344 971 affectasse
360 905 474 970 serunt
489 925 635 992 regnum
652 903 801 969 caeleste
817 903 1003 992 Gigantas,

166 1014 302 1098 altaque
319 1022 501 1099 congestos
517 1010 681 1076 struxisse
699 1008 743 1075 ad
759 1010 873 1076 sidera
890 1024 1035 1078 montes.

209 1119 301 1183 Tum
319 1128 416 1204 pater
431 1116 647 1201 omnipotens
663 1116 769 1181 misso
786 1117 951 1207 perfregit
967 1118 1156 1208 Olympum

164 1224 321 1299 fulmine,
339 1234 373 1289 et
388 1223 540 1288 excussit
555 1222 710 1310 subjecto
726 1222 848 1290 Pelion
865 1224 988 1291 Ossae.
1168 1256 1217 1313 155

165 1333 286 1398 obruta
303 1330 392 1396 mole
409 1349 471 1394 sua
487 1349 566 1396 curn
583 1350 727 1415 corpora
744 1330 818 1397 dira
831 1331 998 1420 jacerent,

166 1438 338 1525 perfusam
357 1435 463 1500 multo
479 1445 637 1499 natorum
654 1437 825 1523 sanguine
840 1438 987 1504 Terram
1066 1456 1069 1461 ’

164 1534 375 1609 inmaduisse
391 1542 504 1607 serunt
520 1540 739 1630 calidumque
756 1542 928 1609 animasse
945 1566 1113 1623 cruorem,
1195 1615 1198 1622 ,

165 1662 211 1727 et,
229 1672 273 1715 ne
289 1649 384 1714 nulla
401 1668 484 1715 suae
500 1648 614 1734 stirpis
632 1662 852 1716 monumenta
871 1663 1060 1729 manerent,

164 1755 200 1822 in
217 1757 341 1821 faciem
357 1755 499 1820 vertisse
516 1756 716 1832 hominum3
741 1758 802 1823 sed
818 1769 852 1823 et
866 1759 926 1823 illa
943 1779 1099 1847 propago
1166 1766 1217 1832 ‘1'60

165 1860 392 1947 contemptrix
408 1883 571 1947 superum
588 1884 782 1951 saevaeque
798 1863 997 1930 avidissima
1014 1865 1130 1932 caedis

131 2010 138 2021 ·
165 1982 199 2036 et
214 1969 362 2035 violenta
380 1968 461 2044 suit3
488 1970 594 2036 scires
610 1990 630 2036 e
647 1971 816 2059 sanguine
833 1981 943 2037 natos.

211 2074 313 2165 Qae
331 2087 428 2164 pater
442 2087 480 2142 ut
495 2098 629 2142 summa
646 2076 730 2142 vidit
745 2076 927 2143 Saturnius
943 2099 1037 2155 arce,

165 2182 329 2271 ingemit3
354 2193 399 2259 et,
418 2182 510 2249 facto
525 2183 676 2248 nondum
693 2183 835 2271 vulgata
851 2184 992 2261 recenti,

164 2290 266 2359 foeda
283 2288 491 2377 Lycaoniae¹
503 2288 655 2354 reterens
671 2290 829 2355 convivia
845 2310 1000 2366 mensae,

164 2398 323 2487 ingentes
339 2396 504 2462 animost
520 2395 644 2483 dignas
656 2395 743 2481 Jove
759 2396 908 2479 concipit
923 2396 1004 2473 iras,

165 2504 418 2590 conciliumque
434 2511 556 2577 vocat3
580 2501 688 2566 tenuit
704 2522 800 2565 mora
816 2502 911 2565 nulla
927 2514 1080 2571 vocatos.

166 2622 217 2676 est
232 2612 287 2675 via
305 2608 474 2685 sublimis,
492 2608 590 2673 caelo
607 2606 787 2673 manifesta
804 2627 947 2673 sereno:

164 2716 298 2783 Lactea
314 2736 440 2782 nomen
457 2715 573 2791 habet,
594 2714 744 2780 candore
761 2714 919 2781 notabilis
936 2715 1023 2801 ipso.

165 2824 233 2889 hac
249 2823 311 2887 iter
326 2833 378 2887 est
393 2822 526 2908 superis
543 2824 587 2887 ad
604 2821 723 2908 magni
740 2832 828 2886 tecta
844 2821 1012 2888 Tonantis

165 2929 388 3017 regalemque
405 2929 567 3002 domum3
591 2928 713 2993 dextra
730 2927 898 3014 laevaque
914 2928 1057 2995 deorum

166 3035 251 3101 atria
267 3034 433 3100 nobilium
451 3034 559 3100 valvis
576 3033 791 3099 celebrantur
808 3034 945 3119 apertis.

166 3142 264 3231 plebs
280 3141 411 3208 habitat
426 3141 561 3207 diversa
579 3142 684 3216 locis3
709 3162 729 3205 a
745 3140 855 3206 fronte
872 3151 1026 3226 potentes

166 3249 353 3314 caelicolae
370 3248 521 3335 clarique
538 3271 618 3314 suos
635 3269 780 3334 posuere
797 3258 951 3333 penates.

166 3355 222 3420 hic
239 3355 334 3421 locus
350 3365 414 3430 est,
431 3375 549 3440 quern,
568 3354 595 3419 si
612 3355 726 3421 verbis
743 3355 889 3421 audacia
905 3355 1016 3431 detur,

166 3462 260 3527 haud
276 3460 414 3526 timeam
432 3459 550 3547 magni
567 3460 695 3526 dixisse
711 3461 857 3534 Palatia
873 3460 975 3527 caeli.

211 3566 306 3655 Ergo
322 3566 589 3632 ubimarmoreo
605 3567 718 3652 superi
736 3569 864 3633 sedere·
871 3589 1024 3644 recessu,

167 3674 289 3739 celsior
305 3673 379 3758 ipse
394 3672 471 3738 loco
488 3683 690 3759 sceptroque
708 3672 843 3740 innixus
860 3675 992 3741 eburno

166 3778 348 3845 terrificam
365 3778 486 3865 capitis
504 3778 675 3843 concussit
691 3790 809 3867 terque
825 3793 1015 3869 quaterque

166 3884 369 3960 caesariem,
387 3905 466 3950 cum
483 3904 551 3969 qua
567 3894 707 3959 terram,
725 3906 833 3958 mare,
851 3886 965 3953 sidera
982 3888 1098 3956 movit.

166 3992 292 4058 talibus
308 3991 388 4057 inde
405 3989 516 4057 modis
531 4011 592 4055 ora
608 3988 822 4077 indignantia
839 3992 962 4060 solvit':
