2767 4467
195 306 258 376 124
408 287 563 376 Rr'valry
586 291 635 374 (ff
646 287 746 376 Asiax
768 288 843 355 and
870 285 1019 376 Ulysses.
1099 307 1251 378 [Merme

191 487 267 572 quis
283 495 361 550 tuus
377 507 460 552 usus
476 483 570 550 erat?
615 485 709 551 Nam
725 485 754 553 si
772 507 849 552 mea
865 485 956 552 facta
972 486 1132 574 requiris,

191 591 344 656 hostibus
359 593 512 666 insidior,
531 593 640 658 fossas
657 593 846 658 munimine
865 593 982 681 cingo,
1189 582 1192 588 ¹

190 700 349 764 consolor
364 700 487 773 socios,
506 710 542 764 ut
558 700 653 787 longi
670 700 784 765 taedia
800 700 882 764 belli
950 729 955 738 ·

190 816 304 870 mente
320 806 430 870 serant
446 805 603 891 placida3
628 807 750 881 doceo,
767 828 835 893 quo
852 807 959 873 simus
976 809 1091 877 alendi

191 913 414 998 armandique
431 913 553 987 mod03
578 912 704 987 mittor,
722 935 789 999 quo
806 916 957 1000 postulat
972 939 1066 982 usus.

236 1009 354 1083 ‘Ecce
366 1017 462 1105 Jovis
479 1018 621 1094 monitu,
639 1019 804 1105 deceptus
821 1020 975 1110 imagine
990 1025 1116 1102 somni,

190 1147 252 1189 rex
264 1124 361 1214 jubet
376 1125 524 1210 incoepti
540 1146 657 1189 curam
675 1126 842 1192 dimittere
859 1130 961 1195 belli:

189 1233 246 1298 ille
262 1244 372 1319 potest
388 1245 526 1297 auctore
541 1254 641 1297 suam
657 1233 843 1300 defendere
859 1258 993 1303 vocem.

189 1360 257 1403 non
273 1339 363 1403 sinat
378 1339 445 1404 hoc
459 1337 567 1426 Ajax,
585 1338 800 1427 delendaque
816 1342 989 1432 Pergama
1006 1357 1138 1431 poscat,

186 1445 347 1531 quodque
362 1455 485 1530 potest,
502 1443 655 1531 pugnetl
704 1446 776 1513 Cur
792 1471 860 1516 non
877 1464 1066 1516 remoratur
1083 1453 1212 1519 ituros?

188 1572 250 1616 cur
265 1573 334 1617 non
351 1571 447 1615 arma
464 1551 567 1637 capit,
586 1553 658 1631 dat,
676 1557 768 1642 quod
786 1579 877 1645 vaga
893 1558 992 1622 turba
1009 1559 1195 1645 sequatur?

187 1680 258 1724 non
273 1669 346 1723 erat
362 1659 429 1722 hoc
444 1657 588 1723 nimium
606 1682 794 1748 numquam
811 1664 876 1729 nisi
894 1685 1021 1751 magna
1038 1666 1203 1751 loquenti.
1372 1651 1373 1660 ἵ

187 1766 269 1853 quid
287 1765 377 1852 quod
394 1776 427 1830 et
442 1765 516 1852 ipse
533 1765 643 1854 fugit?
687 1768 783 1847 Vidi,
801 1770 988 1857 puduitque
1005 1771 1136 1847 videre,

188 1893 266 1936 curn
283 1883 319 1936 tu
335 1886 432 1958 terga
450 1873 564 1949 dares,
583 1875 831 1963 inhonestaque
848 1878 924 1942 vela
941 1898 1094 1963 parares.

186 1998 252 2042 nec
269 1997 386 2044 mora:
409 1977 677 2063 ¹‚Quidsacr'tisi
700 2004 789 2068 quae
803 2005 863 2047 vos
878 1984 1049 2048 derrrentia
1070 1985 1179 2072 (dixi)

187 2087 349 2161 concitat,
372 2085 404 2150 0
418 2088 513 2162 socii,
533 2096 670 2175 captam
686 2090 862 2154 drhu‘ttere
884 2088 919 2154 T
913 2087 1060 2176 rcy‘am?
1255 2070 1263 2089 ⁴

187 2191 315 2276 quidve
329 2192 466 2258 domum
470 2195 585 2280 sertis
601 2196 743 2270 destino,
762 2196 834 2260 rrr'si
845 2196 1003 2271 dedecus
1022 2193 1150 2262 anno?

187 2298 311 2362 talibus
328 2310 430 2386 atque
447 2301 535 2377 aliis,
552 2302 587 2366 in
602 2323 692 2389 quae
709 2303 806 2367 dolor
822 2304 895 2388 ipse
912 2303 1074 2367 disertum

186 2403 327 2480 fecerat,
346 2427 484 2474 aversos
502 2408 648 2496 profuga
665 2410 708 2475 de
725 2409 836 2474 classe
852 2408 986 2474 reduxi.

233 2512 437 2581 ‘Convocat
453 2514 593 2580 Atrides
608 2515 719 2580 socios
735 2526 861 2580 terrore
880 2526 1043 2600 paventes
1056 2542 1065 2590 ς
1188 2548 1238 2602 230

187 2641 251 2686 nec
266 2619 536 2687 Telamoniades
553 2621 655 2686 etiarn
672 2641 765 2686 nunc
782 2621 914 2686 hiscere
930 2621 1116 2707 quicquam

187 2731 303 2795 audet.
350 2732 399 2796 At
414 2753 519 2798 ausus
535 2740 609 2796 erat
624 2750 726 2816 reges
743 2727 915 2793 incessere
932 2727 1031 2794 dictis

185 2838 377 2915 Thersites,
395 2840 499 2904 etiam
516 2860 578 2924 per
594 2858 649 2902 me
666 2835 759 2900 haud
775 2834 928 2920 impune,
947 2834 1124 2920 protervis.

187 2944 315 3031 erigor,
332 2955 366 3009 et
380 2945 530 3029 trepidos
546 2945 639 3008 cives
655 2943 818 3007 exhortor
834 2940 869 3005 in
887 2941 1032 3018 hostem,

188 3052 418 3137 amissamque
436 3071 513 3114 mea
528 3050 686 3114 virtutem
704 3068 789 3115 voce
806 3068 963 3133 reposco.
1187 3078 1238 3134 235
1267 3081 1272 3092 ·

186 3168 339 3242 ternpore
356 3158 495 3232 abhoc,
512 3157 754 3244 quodcumque
775 3166 885 3241 potest
900 3153 1022 3220 iecisse
1038 3152 1147 3218 videri

186 3263 315 3327 sortiter
330 3261 405 3338 ist'e,
424 3285 538 3328 meum
555 3273 618 3337 est,
637 3263 695 3349 qui
712 3264 851 3329 dantem
869 3272 966 3348 terga
983 3259 1123 3324 retraxi.

187 3369 334 3454 denique
350 3370 394 3434 de
411 3369 542 3434 Danais
559 3368 635 3456 quis
651 3380 684 3434 te
701 3369 862 3434 laudatve
881 3364 1028 3453 petitve?

234 3475 306 3541 ‘At
322 3497 383 3540 sua
400 3476 556 3562 Tydides
574 3497 710 3540 mecum
727 3476 959 3541 communicat
976 3483 1066 3550 acta,

188 3606 242 3648 me
260 3583 392 3669 probat,
411 3592 444 3646 et
460 3581 552 3646 socio
570 3603 707 3666 semper
724 3581 862 3646 confidit
880 3581 999 3647 Ulixe.
1188 3608 1239 3662 ²40

188 3700 239 3754 est
254 3688 396 3775 aliquid,
415 3688 458 3753 de
474 3698 521 3752 tot
538 3687 721 3753 Graiorum
739 3687 876 3751 milibus
893 3708 1001 3751 unum

188 3817 208 3860 a
225 3796 393 3860 Diomede
409 3793 492 3881 legi.
541 3792 619 3859 Nec
636 3815 690 3858 me
708 3815 781 3859 sors
797 3793 846 3858 ire
859 3793 1025 3881 jubebat:

187 3901 236 3967 sic
252 3914 379 3974 tamen,
398 3913 431 3965 et
446 3912 560 3984 spreto
576 3900 752 3985 noctisque
769 3899 943 3985 hostisque
960 3898 1103 3984 peric10,

187 4029 310 4074 ausum
327 4009 462 4083 eadem,
480 4027 569 4092 quae
585 4028 661 4082 nos,
680 4004 835 4092 Phrygia
852 4006 895 4069 de
912 4015 1015 4092 gente
1033 4003 1172 4071 Dolona
