2767 4467
142 260 321 333 vr11.415.]
437 243 510 311 The
541 242 634 311 Wld
652 243 758 311 Boar
779 254 818 310 at
839 243 935 333 Bay.
1163 242 1209 327 83

144 450 209 513 fixa
226 449 293 514 sub
312 470 403 515 aure
420 450 485 515 feri
501 472 673 517 summum
691 450 872 540 destringit
887 451 1020 517 arundo

144 576 280 641 corpus,
300 567 336 621 et
353 555 488 644 exiguo
503 557 669 623 rubefecit
684 556 855 645 sanguine
872 567 997 623 saetas.

145 683 207 727 nec
221 656 344 728 tamen
361 663 425 728 illa
444 662 495 728 sui
512 683 676 729 successu
689 664 812 729 laetior
824 662 924 739 ictus,

145 790 246 855 quam
264 768 475 857 Meleagros
492 780 575 833 erat.
624 769 762 834 Primus
778 768 904 834 vidisse
921 780 1070 854 putatur,
1155 788 1206 857 ³85

145 886 177 939 et
193 875 328 961 primus
345 876 450 942 sociis
466 875 576 941 visum
594 875 785 941 ostendisse
801 895 971 951 cruorem,

147 994 179 1046 et
195 982 410 1049 ‘Meritum’
428 981 555 1047 dixisse
575 982 688 1047 ‘feres
704 980 837 1046 virtutis
854 981 1041 1045 honorem!

147 1090 318 1155 erubuere
335 1090 413 1166 viri,
434 1110 538 1177 seque
554 1089 792 1164 exhortantur,
811 1096 844 1152 et
860 1087 991 1153 addunt

147 1214 225 1259 cum
241 1186 400 1261 clamore
417 1195 562 1269 animos,
577 1194 779 1283 jaciuntque
795 1192 869 1259 sine
884 1193 1005 1259 ordine
1021 1193 1110 1260 telas

146 1302 246 1367 turba
263 1311 369 1367 nocet
381 1302 496 1390 jactis,
513 1311 546 1366 et
560 1320 646 1389 quos
663 1300 760 1386 petit,
778 1299 920 1385 impedit
934 1300 1034 1366 ictus.
1155 1332 1208 1389 390

190 1408 288 1474 Ecce
307 1408 427 1474 furens
442 1418 559 1473 contra
576 1429 639 1473 sua
655 1408 726 1472 fata
742 1406 935 1494 bipennifer
951 1405 1062 1473 Arcas

149 1513 322 1591 ‘Discite,
341 1514 497 1580 femineis
513 1515 596 1601 quid
612 1515 681 1579 tela
697 1513 808 1579 virilia
824 1524 1009 1600 praestent,

148 1622 180 1687 Ο
192 1623 358 1710 juvenes,
375 1621 539 1709 operique
556 1641 634 1687 meo
651 1620 848 1686 concedite'
863 1620 968 1695 dixit3

150 1728 248 1813 ‘ipsa
267 1728 339 1793 suis
357 1727 436 1792 licet
453 1727 545 1793 hunc
561 1725 709 1792 Latonia
726 1736 884 1815 protegat
900 1726 1018 1805 armis,

146 1833 258 1899 invita
274 1844 391 1899 tamen
409 1834 501 1898 hunc
518 1832 664 1919 perimet
678 1854 759 1899 mea
775 1834 896 1899 dextra
914 1832 1053 1899 Diana.'
1154 1864 1206 1922 ³95

146 1940 230 2020 talia
249 1940 476 2029 magniloquo
492 1939 642 2006 tumidus
659 1951 909 2006 memoraverat
923 1960 996 2017 ore,

149 2046 407 2133 ancipitemque
424 2068 526 2111 manu
543 2047 667 2111 tollens
682 2057 828 2133 utraque
843 2046 992 2113 securim

147 2152 318 2218 institerat
334 2152 464 2239 digitis,
482 2152 611 2237 primos
626 2172 814 2237 suspensus
831 2152 868 2218 in'
883 2165 989 2218 artus.

149 2271 299 2345 occupat
314 2260 513 2333 audentem,
531 2280 668 2345 quaque
685 2269 737 2324 est
751 2258 808 2323 via
824 2260 983 2345 proxima
998 2258 1079 2335 leto,

150 2387 286 2430 summa
303 2366 399 2429 ferus
414 2364 571 2453 geminos
588 2365 712 2429 direxit
728 2365 772 2431 ad
788 2365 932 2453 inguina
949 2365 1080 2431 dentes.
1152 2396 1207 2449 400

150 2472 301 2537 concidit
316 2468 493 2545 Ancaeus,
512 2472 772 2557 glomerataque
788 2472 959 2559 sanguine
977 2471 1084 2535 multo

149 2578 284 2643 viscera
299 2578 399 2662 lapsa
415 2576 536 2652 fluunt,
557 2577 819 2664 madefactaque
834 2589 925 2641 terra
942 2597 1063 2641 cruore
1080 2584 1142 2642 est.

198 2683 274 2749 Ibat
288 2684 325 2747 in
342 2684 524 2768 adversum
542 2683 656 2767 proles
672 2681 803 2747 Ixionis
821 2683 953 2747 hostem

131 2833 136 2847 ·
150 2788 337 2865 Pirithous,
356 2789 471 2853 valida
487 2788 644 2875 quatiens
660 2788 832 2854 venabula
849 2789 983 2853 dextra.

149 2893 207 2958 'cui
225 2893 344 2979 procul
360 2889 516 2979 Aegides
533 2903 542 2932 ‘
557 2891 589 2957 O
607 2912 661 2957 me
678 2892 763 2955 mihi
780 2893 910 2959 carior’
926 2893 1036 2981 inquit
1152 2927 1204 2982 405

154 3010 258 3084 ‘pars
276 2998 412 3064 animae
430 2997 576 3063 consiste
593 2996 713 3063 meaei
738 2998 817 3065 licet
832 2998 966 3065 eminus
982 3022 1058 3067 esse

153 3105 315 3169 fortibus:
340 3102 485 3168 Ancaeo
502 3103 618 3169 nocuit
633 3105 815 3169 temeraria
831 3106 962 3171 virtus.'

152 3210 249 3284 dixit,
269 3219 303 3274 et
319 3220 435 3273 aerata
451 3210 547 3274 torsit
562 3230 671 3295 grave
687 3210 829 3295 cuspide
845 3232 1008 3277 cornumz

152 3316 206 3381 cui
222 3317 313 3381 bene
329 3316 451 3381 librato
466 3315 604 3403 votique
621 3326 757 3401 potente
774 3317 886 3383 futuro

151 3422 278 3487 obstitit
295 3422 455 3510 aesculea
471 3422 653 3488 frondosus
670 3423 714 3488 ab
730 3423 851 3489 arbore
867 3444 996 3490 ramus.
1153 3455 1207 3506 410

150 3528 242 3593 misit
259 3538 292 3592 et
308 3525 504 3593 Aesonides
516 3528 684 3615 jaculum,
702 3530 793 3614 quod
810 3550 911 3594 casus
928 3531 971 3594 ab
987 3531 1047 3595 illo

149 3634 250 3699 vertit
266 3634 300 3697 in
318 3633 479 3699 immeriti
496 3633 602 3697 fatum
619 3634 785 3709 latrantis,
803 3646 837 3699 et
852 3635 940 3699 inter

148 3740 209 3805 ilia
226 3740 422 3829 conjectum
438 3739 558 3803 tellure
575 3760 636 3823 per
651 3740 710 3803 ilia
727 3740 834 3804 fixum
851 3749 913 3803 est.
944 3770 961 3791 a

193 3844 243 3911 At
261 3866 386 3910 manus
404 3843 561 3909 Oenidae
578 3844 708 3916 variat3
734 3844 915 3929 missisque
932 3846 1065 3910 duabus

149 3953 249 4029 basta
266 3951 361 4039 prior
377 3960 482 4020 terra,
502 3948 613 4012 medio
630 3946 720 4009 stetit
736 3948 842 4009 altera
858 3958 969 4031 tergo.
1154 3978 1206 4028 415
