2767 4467
164 317 187 380 1.
204 289 300 400 m]
461 307 648 376 Bam'shcd
654 306 761 393 from
784 305 907 373 Rome.

544 600 597 667 IV
597 647 608 665 .
657 600 829 666 Tursrut.

209 758 280 811 Tun
295 757 405 812 Tn'stia
426 757 463 828 (“
472 756 646 826 Complaints
657 757 689 827 '’)
705 771 752 810 are
764 755 818 809 five
837 753 927 809 books
946 753 979 807 of
993 769 1090 823 poems
1105 756 1213 810 written

159 841 261 915 during
279 845 378 898 Ovid's
395 845 465 916 long
481 844 672 900 banisbment.
719 846 803 898 Some
821 841 855 896 ol
869 842 944 896 them
963 841 1034 896 bave
1053 843 1134 897 much
1155 843 1213 896 bio·

158 931 300 1000 graphical
317 931 443 999 interest,
456 931 515 985 and
531 931 569 984 all
586 947 634 986 are
651 929 702 984 full
720 930 753 984 of
767 929 899 1000 personal
911 927 1032 1000 ieeling3
1052 930 1212 984 sometimes

159 1026 354 1084 monotonous,
367 1016 468 1085 abJect,
481 1018 537 1072 and
549 1017 690 1090 unmanly‚
704 1031 781 1071 more
800 1013 877 1070 osten
895 1032 914 1069 a
929 1016 1050 1088 genuine
1066 1016 1121 1070 and
1140 1027 1213 1072 most

158 1103 281 1170 pathetic
306 1104 474 1172 expression
498 1102 531 1158 os
551 1105 599 1159 the
623 1120 745 1157 sorrows
770 1102 803 1156 os
826 1102 908 1157 exile.
956 1103 1141 1176 (Respecting
1166 1105 1212 1159 the

159 1204 258 1244 causes
269 1190 326 1245 and
337 1191 558 1246 circumstances
570 1190 604 1245 oi
618 1189 718 1245 Ovid’s
732 1189 919 1258 bauishment,
933 1207 981 1246 see
995 1191 1041 1246 the
1055 1190 1136 1261 Lite.)

370 1406 402 1452 1.
427 1386 612 1454 Banished
619 1388 726 1471 from
749 1385 861 1453 Rome
886 1385 929 1475 (i.
946 1385 1000 1473 3).

160 1593 309 1739 CUM
323 1594 413 1662 subit
427 1595 519 1661 illius
533 1593 726 1661 tristissima
742 1595 850 1662 noctis
867 1594 998 1684 imago,

276 1699 359 1786 Qua
375 1701 459 1767 mihi
476 1723 674 1789 supremum
690 1714 825 1788 tempus
842 1701 877 1766 in
893 1701 988 1768 Urbe
1006 1699 1080 1778 suit,

157 1807 248 1875 Cum
263 1820 381 1896 repeto
397 1819 546 1885 noctem,
564 1829 633 1896 qua
649 1819 697 1874 tot
713 1807 795 1873 mihi
812 1828 893 1873 cara
909 1807 1043 1895 reliqui,

201 1916 348 1982 Labitur
362 1938 408 1982 ex
423 1915 531 1981 oculis
549 1937 642 1980 nunc
658 1936 792 2003 quoque
810 1925 907 2003 gutta
923 1913 1022 1979 meis.

153 2022 231 2110 Jam
249 2044 356 2109 prope
372 2022 433 2088 lux
451 2023 582 2095 aderat,
600 2042 669 2110 qua
685 2043 740 2087 me
757 2021 935 2086 discedere
952 2018 1086 2085 Caesar
1194 2051 1209 2107 ς

201 2129 345 2195 Finibus
361 2140 536 2195 extremae
549 2129 699 2217 jusserat
713 2125 903 2194 Ausoniae.

158 2234 234 2302 Nec
250 2235 399 2322 spatium
415 2234 538 2311 suerat,
556 2255 622 2301 nec
637 2256 735 2300 mens
751 2233 833 2299 satis
849 2243 929 2321 apta
946 2230 1111 2319 parandi:

201 2343 422 2428 Torpuerant
437 2343 543 2428 longa
559 2353 699 2428 pectora
715 2336 830 2406 nostra
847 2361 955 2406 mora.

159 2447 239 2514 Nou
255 2447 340 2513 mibi
356 2469 546 2524 servorum,
564 2446 697 2513 comitis
714 2468 782 2512 non
800 2466 882 2512 cura
898 2444 1051 2535 legendi,

202 2554 284 2621 Non
301 2565 401 2641 aptae
417 2554 565 2643 profugo
581 2553 684 2619 vestis
701 2552 819 2640 opisve
836 2551 908 2618 tuit.
1178 2583 1209 2621 10

159 2658 237 2727 Non
254 2661 351 2727 aliter
367 2660 494 2746 stupui,
513 2681 617 2748 quam
633 2659 690 2747 qui
703 2659 799 2746 Jovis
815 2658 954 2747 ignibus
970 2657 1057 2724 ictus

201 2766 309 2843 Vivit,
326 2778 359 2834 et
374 2778 427 2834 est
440 2766 530 2832 vitae
547 2764 684 2832 nescius
700 2765 773 2851 ipse
791 2786 886 2831 suae.

158 2872 205 2940 Ut
219 2885 334 2940 tamen
351 2876 442 2940 hanc
460 2872 565 2938 animi
582 2873 708 2938 nubem
727 2872 823 2938 dolor
839 2870 913 2957 ipse
928 2871 1084 2950 removit,

202 2981 246 3046 Et
260 2982 398 3047 tandem
416 3002 538 3047 sensus
555 2979 762 3048 convaluere
780 2979 868 3053 meir

157 3084 336 3174 Adloquor
352 3100 542 3153 extremum
562 3097 711 3151 maestos
726 3085 879 3150 abiturus
896 3083 1038 3160 amicoS,
1179 3114 1208 3170 ¹5

195 3193 273 3282 ,Qui
290 3197 392 3260 modo
409 3196 452 3260 de
468 3195 583 3260 multis
599 3215 689 3259 unus
706 3203 740 3257 et
754 3191 839 3256 alter
855 3201 963 3256 erant.

158 3298 256 3366 Uxor
271 3322 392 3368 amans
408 3301 546 3368 flentem
562 3301 649 3366 flens
667 3299 781 3365 acrius
797 3297 872 3384 ipsa
888 3297 1039 3374 tenebat,

203 3407 317 3474 Imbre
333 3429 395 3494 per
410 3408 571 3496 indignas
585 3429 695 3495 usque
714 3406 857 3472 cadente
874 3425 1005 3492 genas3

159 3512 250 3580 Nata
265 3515 386 3601 procul
401 3514 545 3602 Libycis
561 3515 679 3580 aberat
694 3514 832 3580 diversa
848 3511 911 3577 sub
928 3509 1009 3586 oris,

201 3621 279 3688 Nec
295 3632 426 3708 poterat
441 3621 501 3686 sati
517 3620 640 3687 certior
655 3641 732 3686 esse
749 3619 828 3684 mei.
947 3629 949 3634 '
1174 3649 1209 3687 20

160 3726 388 3814 Quocumque
404 3727 589 3812 aspiceres,
607 3727 719 3791 luctus
736 3724 953 3813 gemitusque
970 3722 1151 3800 sonabant,

201 3832 396 3920 Formaque
412 3853 481 3898 non
497 3831 589 3897 taciti
605 3832 736 3896 funeris
752 3831 842 3895 intus
860 3842 944 3895 erat.

158 3938 303 4007 Femina
318 3938 438 4025 virque
455 3959 544 4014 me0‚
563 3938 660 4023 pueri
677 3956 813 4022 quoque
830 3935 949 4000 funere
967 3944 1141 4009 maerent3

202 4044 312 4132 inque
327 4043 431 4108 domo
445 4039 607 4104 lacrimas
625 4037 774 4122 angulus
790 4034 901 4098 omnis
918 4035 1041 4096 habete
