2767 4467
152 292 197 378 36
446 292 517 361 The
540 292 673 360 Searclr
697 293 746 379 os
764 291 927 361 Cadmus.
1061 312 1206 385 [Mrem

152 489 307 558 cedendo
324 492 475 566 arcebat,
493 510 557 556 nec
573 489 777 578 longiusire
794 489 948 556 sinebat:

151 597 262 662 donec
278 596 497 685 Agenorides
514 596 705 684 conjectum
722 596 763 661 in
775 607 911 683 gutture
928 598 1055 663 ferrum
1170 631 1207 687 90

150 724 260 789 usque
276 724 423 789 sequens
440 704 574 789 pressit,
591 704 673 767 dum
691 714 781 768 retro
796 724 944 788 quercus
960 705 1052 769 eunti

150 810 289 885 obstitit,
308 820 341 874 et
356 810 425 873 fixa
443 820 494 874 est
509 809 635 894 pariter
650 829 730 874 cum
746 809 1014 875 robore-cervix.

151 916 303 1001 pondere
321 914 488 1001 serpentis
504 924 644 980 curvata
659 925 713 979 est
728 916 843 992 arbor,
860 926 894 979 et
909 915 1000 983 imae

151 1032 247 1107 parte
263 1021 433 1109 flagellari
450 1022 583 1109 gemuit
598 1040 661 1087 sua
675 1021 799 1086 robora
815 1022 961 1087 caudae.

197 1127 289 1192 Dum
306 1128 453 1213 spatium
470 1128 579 1193 victor
593 1127 673 1192 victi
690 1127 884 1193 considerat
900 1128 1018 1205 hostis,
1168 1162 1204 1219 95

150 1256 218 1299 vox
232 1233 343 1300 subito
357 1234 472 1299 audita
486 1246 556 1308 est3
574 1254 686 1319 neque
698 1244 771 1297 erat
783 1253 993 1320 cognoscere
1007 1246 1204 1322 promptum

149 1341 255 1417 unde,
268 1340 329 1407 sed
343 1340 458 1405 audita
470 1351 542 1405 est:
557 1350 567 1381 ⁴
582 1338 691 1423 Qud,
703 1339 869 1426 Agenore
882 1351 974 1416 nate,
987 1354 1204 1427 peremptum

151 1457 342 1532 serpentem
360 1444 516 1531 spectas?
540 1455 573 1511 et
588 1456 624 1513 tu
641 1446 840 1531 spectabere
856 1447 1022 1532 serpens.'
1045 1520 1049 1527 ,

149 1552 208 1618 ille
224 1553 282 1619 diu
299 1554 444 1639 pavidus
460 1552 587 1638 pariter
603 1574 681 1618 cum
699 1564 812 1618 mente
829 1554 978 1618 colorem

150 1659 357 1744 perdiderat,
376 1660 559 1747 gelidoque
576 1677 696 1725 comae
712 1670 839 1725 terrore
856 1660 1027 1747 rigebant.
1151 1686 1204 1735 'roo
1318 1704 1320 1709 .

150 1785 232 1831 ecce
247 1765 310 1830 viri
327 1766 465 1842 fautrix,
484 1781 628 1852 superas
642 1766 786 1851 delapsa
802 1787 866 1852 per·
880 1787 983 1832 auras

150 1870 266 1936 Pallas
282 1873 392 1948 adest,
411 1884 591 1960 motaeque
604 1872 701 1961 jubet
716 1874 909 1959 subponere
925 1872 1036 1939 terrae

148 1977 306 2063 vipereos
321 1979 455 2060 dentes,
473 1980 590 2065 populi
607 1979 823 2044 incrementa·
835 1978 949 2044 futuri.

150 2095 260 2170 paret,
278 2096 311 2151 et
326 2094 363 2150 ut
379 2106 497 2171 presso
514 2086 647 2151 sulcum
665 2078 825 2171 patefecit
841 2097 966 2162 aratro,

150 2192 393 2281 spargitlrumi
407 2192 534 2281 jussos,
553 2194 711 2258 mortalia
727 2193 872 2269 semina,
890 2194 1022 2259 dentes.
1152 2226 1203 2281 105
1274 2254 1277 2259 .
1314 2259 1358 2283 .,

149 2298 230 2365 inde
241 2298 363 2365 —fide
380 2298 546 2388 majus-
556 2299 681 2387 glebae
698 2320 844 2385 coepere
860 2300 1003 2379 moveri,

149 2407 328 2495 primaque
344 2407 388 2473 de
404 2406 509 2473 sulcis
528 2406 620 2473 acies
637 2407 796 2493 apparuit
812 2409 951 2484 hastae3

148 2514 302 2602 tegmina
319 2536 400 2580 mox
416 2515 566 2601 capitum
584 2514 673 2601 picto
690 2515 844 2580 nutantia
861 2536 969 2592 con03

148 2642 230 2687 mox
240 2622 373 2689 humeri
385 2634 571 2711 pectusque
578 2632 789 2709 onerataque
805 2622 967 2689 bracchia
983 2623 1060 2689 telis

148 2728 326 2804 exsistunt,
345 2730 534 2817 crescitque
551 2750 652 2817 seges
668 2720 814 2815 clipeata
830 2729 993 2795 virorum.
1014 2750 1018 2754 ’
1150 2760 1204 2801 110

149 2834 198 2898 sic
215 2834 274 2898 ubi
290 2835 452 2899 tolluntur
468 2836 561 2901 sestis
578 2836 702 2900 aulaea
717 2836 871 2911 theatris,

148 2961 291 3028 surgere
308 2940 409 3028 signa
426 2942 547 3017 solent,
567 2942 784 3029 primumque
800 2937 979 3007 ostendere
989 2941 1122 3019 vultus,

148 3058 261 3112 cetera
278 3046 465 3131 paulatim3
490 3046 696 3134 placidoque
712 3048 834 3112 educta
849 3058 968 3113 tenore

147 3163 217 3218 tota
233 3164 362 3239 patent,
379 3153 516 3241 imoque
533 3155 638 3239 pedes
654 3154 689 3218 in
706 3154 864 3242 margine
881 3165 1023 3239 ponunt.

193 3260 349 3324 Territus
365 3260 461 3325 hoste
477 3282 567 3327 novo
583 3259 739 3326 Cadmus
755 3279 879 3346 capere
896 3280 990 3324 arma
1008 3259 1172 3345 parabat:

149 3364 228 3429 ‘Ne
245 3365 350 3451 cape’
368 3367 411 3431 de
427 3367 554 3451 populo
570 3382 673 3454 quem
689 3376 779 3431 terra
796 3377 973 3431 creaverat
987 3388 1076 3430 unus

148 3472 333 3549 exclamat,
352 3483 439 3538 ‘nec
455 3484 488 3538 te
504 3473 660 3538 civilibus
676 3472 789 3537 insere
804 3473 928 3537 bellis!
969 3517 971 3520 -

149 3591 249 3665 atque
265 3579 311 3644 ita
326 3578 505 3667 terrigenis
521 3579 634 3667 rigido
651 3580 695 3644 de
711 3575 869 3645 fratribus
885 3600 993 3644 unum

148 3687 302 3751 cominus
319 3706 402 3751 ense
418 3686 514 3751 ferit:
536 3686 653 3775 jaculo
669 3686 761 3750 cadit
777 3686 911 3751 eminus
926 3687 1012 3771 ipse.

148 3793 392 3878 huncquoque
408 3792 466 3877 qui
482 3791 549 3857 leto
566 3781 720 3866 dederat,
738 3811 807 3857 non
823 3792 961 3879 longius
976 3792 1036 3857 illo
1147 3822 1198 3863 120

147 3898 240 3971 vivit,
260 3909 292 3962 et
308 3898 458 3981 exspirat
475 3897 576 3961 modo
592 3914 677 3981 quas
695 3909 887 3981 acceperat,
907 3918 1020 3962 auras.

147 4002 375 4088 exemploque
390 4001 465 4087 pari
481 4000 561 4066 furit
574 4001 686 4066 omnis
702 4003 814 4077 turba,
832 4022 962 4087 suoque
994 4056 998 4063 ,
