2767 4467
157 289 278 361 x.162.]
442 273 517 342 He
536 275 641 363 Rape
663 275 713 359 os
729 273 941 362 Ganymede.
1150 291 1211 340 101

157 491 215 546 nec
230 470 324 536 tiliae
343 472 484 548 molles,
502 492 567 538 nec
582 471 684 560 fagus
702 482 735 537 et
750 470 881 535 innuba
898 471 1029 547 laurus,

155 598 215 642 nec
230 576 341 665 coryli
359 577 518 666 fragiles,
536 588 569 644 et
584 578 740 644 fraxinus
755 575 846 642 utilis
864 575 983 654 hastis,

155 685 339 771 enodisque
357 685 471 760 abies,
489 695 697 770 curvataque
714 683 900 772 glandibus
916 682 999 759 ilex,

155 801 186 856 et
199 791 362 877 platanus
380 790 543 880 genialis,
563 811 710 877 acerque
728 789 899 855 coloribus
916 789 1040 875 impar,

154 899 417 986 amnicolaeque
434 897 536 964 simul
553 897 677 962 salices
693 907 727 962 et
743 895 902 982 aquatica
920 895 1019 971 lotos,

154 1016 389 1093 perpetuoque
405 1005 520 1070 virens
535 1005 680 1079 buxum,
700 1013 890 1088 tenuesque
908 1000 1073 1089 myricae,

153 1122 185 1176 et
194 1111 333 1178 bicolor
349 1122 497 1200 myrtus,
514 1121 547 1177 et
562 1109 659 1175 bacis
675 1107 817 1174 caerula
834 1107 938 1172 tinus.

152 1238 211 1282 vos
226 1240 383 1307 quoque,
399 1217 588 1304 flexipedes
604 1215 769 1291 hederae,
787 1213 941 1290 venistis,
960 1224 993 1280 et
1007 1232 1078 1280 una

152 1324 363 1410 pampineae
379 1324 466 1390 vites
481 1335 514 1389 et
530 1323 676 1389 amictae
692 1320 817 1387 vitibus
834 1320 917 1386 ulmi
930 1343 939 1395 ;
1160 1350 1211 1393 ιω

152 1430 293 1518 ornique
311 1441 350 1496 et
364 1431 494 1517 piceae,
501 1449 673 1517 pomoque
688 1437 831 1494 onerata
848 1426 982 1494 rubenti

153 1539 304 1618 arbutus,
322 1549 360 1604 et
375 1539 488 1604 lentae
508 1537 664 1625 (victoris
681 1533 854 1622 praemia)
875 1536 1025 1620 palmae,

152 1655 184 1708 et
198 1645 379 1711 succincta
396 1665 513 1710 comas
530 1644 728 1730 hirsutaque
745 1641 872 1707 vertice
887 1641 1001 1728 pinus,

152 1760 249 1837 grata
265 1751 374 1816 deum
392 1748 511 1815 matri:
535 1749 705 1836 siquidem
723 1747 911 1835 Cybeleius
927 1747 1019 1815 Attis

152 1857 244 1922 exuit
260 1859 332 1924 hac
348 1857 537 1933 hominem,
554 1867 743 1941 truncoque
760 1854 911 1920 induruit
926 1854 997 1921 illo.
1160 1883 1208 1942 ¹05

194 1963 286 2030 Tale
301 1985 427 2030 nemus
442 1973 538 2028 vates
554 1971 761 2038 attraxeratr
784 1961 889 2049 inque
905 1961 1057 2028 ferarum

153 2070 299 2136 concilio
317 2070 452 2135 medius
467 2064 565 2134 turba¹
581 2068 830 2155 volucrumque
848 2069 1003 2135 sedebat.

152 2186 188 2240 ut
204 2177 287 2241 satis
304 2175 473 2262 impulsas
488 2175 666 2262 temptavit
681 2175 806 2260 pollice
823 2176 985 2253 chordas,
1159 2205 1208 2264 145

40 2280 42 2285 ’
153 2293 185 2347 et
200 2283 308 2348 sensit
323 2282 450 2358 varios,
468 2283 626 2370 quamvis
643 2281 779 2348 diversa
795 2293 970 2358 sonarent,

153 2390 364 2456 concordare
380 2389 513 2465 modos,
531 2388 599 2455 hoc
614 2409 735 2454 vocem
753 2387 907 2455 carmine
924 2387 1050 2454 movit:

198 2495 279 2561 ‘Ab
292 2496 392 2583 Jove,
407 2495 511 2562 Musa
527 2515 653 2582 parens
673 2495 820 2583 (cedunt
831 2494 928 2582 Jovis
944 2493 1060 2560 omnia
1077 2493 1204 2584 regno)

153 2603 307 2667 carmina
323 2614 576 2695 nostra'movez
597 2602 695 2689 Jovis
711 2612 764 2668 est
779 2601 863 2665 mihi
880 2621 984 2687 saepe
1001 2611 1152 2686 potestas

152 2709 243 2774 dicta
260 2709 368 2795 prius.
417 2702 538 2775 Cecini
555 2706 864 2794 plectrograviore
881 2706 1066 2794 Gigantas,
1159 2737 1209 2796 ¹50

153 2837 342 2903 sparsaque
358 2815 563 2903 Phlegraeis
578 2814 732 2880 victricia
750 2813 894 2880 fulmina
913 2813 1065 2901 campis3

153 2943 247 2988 nunc
261 2945 348 3008 opus
365 2932 416 2986 est
431 2922 558 2988 leviore
574 2922 665 3009 lyra,
683 2941 875 3009 puerosque
892 2943 1057 2988 canamus

153 3026 296 3093 dilectos
312 3027 459 3114 superis,
477 3028 757 3114 inconcessisque
774 3029 908 3114 puellas

154 3133 293 3222 ignibus
309 3134 467 3200 attonitas
485 3137 650 3200 meruisse
667 3135 808 3201 libidine
825 3156 985 3222 poenam.

201 3240 308 3306 ‘Rex
322 3262 485 3326 superum
502 3241 648 3330 Phrygii
665 3242 839 3328 quondam
858 3241 1074 3330 Ganymedis
1090 3263 1207 3310 amore

155 3347 249 3424 arsit,
267 3358 301 3412 et
315 3347 491 3412 inventum
505 3361 556 3413 est
572 3348 715 3435 aliquid,
734 3349 825 3434 quod
836 3348 995 3435 Juppiter
1011 3370 1100 3424 esse,

153 3475 258 3540 quam
275 3454 468 3541 quoderat,
489 3455 617 3519 mallet.
664 3453 772 3520 Nulla
788 3465 903 3520 tamen
921 3455 1000 3519 alite
1017 3453 1102 3519 verti

154 3560 329 3648 dignatur,
346 3560 413 3627 nisi
429 3583 519 3649 quae
535 3572 650 3647 posset
666 3583 728 3626 sua
745 3561 890 3626 fulmina
906 3561 1006 3626 serre.

153 3687 218 3734 uec
234 3688 353 3733 mora:
378 3689 543 3754 percusso
561 3668 786 3733 mendacibus
803 3671 882 3731 a'e're
900 3663 1023 3752 pennis

154 3771 279 3860 abripit
293 3773 441 3849 Iliaden,
460 3773 518 3861 qui
535 3794 628 3837 nunc
642 3793 779 3860 quoque
796 3773 921 3856 pocula
938 3771 1070 3847 miscet,
1159 3785 1208 3839 160

76 3890 83 3900 '
152 3879 329 3968 invitaque
339 3878 420 3967 Jovi
436 3890 554 3944 nectar
565 3878 702 3965 Junone
719 3878 898 3942 ministrat.

199 3987 278 4055 ‘Te
287 4006 440 4076 quoque,
451 3981 829 4072 Amyclide,posuisset
839 3980 874 4042 in
885 3979 1021 4043 aethere
1032 3975 1203 4046 Phoebus,
