2767 4467
142 317 207 389 150
408 299 480 368 rte
501 298 707 388 Apotheosis
729 298 778 383 qs
795 293 926 362 Cesar.
1046 311 1202 384 [Morsu.

140 498 231 586 quod
248 499 291 565 de
307 496 484 564 Dardanio
501 497 612 562 solum
631 492 714 558 mihi
730 501 834 557 restat
850 490 938 557 Iullo.

141 604 258 670 solane
275 624 411 689 semper
426 623 485 668 ero
498 601 598 692 justis
615 598 766 664 exercita
783 595 896 663 curis?

141 731 245 797 quam
263 710 365 776 modo
379 708 540 796 Tydidae
557 703 753 793 Calydonia
768 705 924 768 vulneret
941 705 1051 780 hasta,

141 835 233 880 nunc
250 815 340 880 male
355 813 518 880 defensae
534 811 746 878 confundant
764 810 898 876 moenia
913 808 1062 898 Trojae3
1140 840 1200 895 770

141 942 230 1006 quae
246 920 382 985 videam
399 931 516 985 natum
534 917 648 1005 longis
663 915 838 982 erroribus
851 926 965 980 actum

137 1025 329 1115 jactarique
344 1025 430 1091 freto
446 1025 614 1110 sedesque
629 1022 756 1087 intrare
772 1021 944 1097 silentum,

141 1134 300 1220 bellaque
317 1153 395 1198 cum
411 1130 531 1196 Turno
547 1150 682 1219 gerere,
702 1138 771 1203 aut,
791 1127 819 1192 si
835 1149 918 1210 vera
934 1129 1093 1206 fatemur,

143 1261 221 1305 cum
234 1238 370 1326 Junone
388 1235 521 1326 magis?
569 1234 664 1322 Quid
680 1255 773 1302 nunc
790 1234 930 1323 antiqua
945 1238 1106 1302 recordor

143 1333 271 1411 damna
287 1345 354 1409 mei
371 1341 531 1433 generis?
575 1341 698 1407 Timor
714 1341 771 1406 hic
787 1341 984 1409 meminisse
1000 1343 1157 1430 priorum

143 1473 212 1516 non
228 1449 327 1516 sinit:
352 1450 386 1514 in
405 1470 459 1513 me
476 1447 553 1514 acui
570 1448 755 1514 sceleratos
771 1448 909 1515 cernitis
925 1469 1037 1515 enses.

143 1578 229 1644 quos
245 1555 436 1642 prohibete,
455 1574 588 1641 precor,
609 1553 809 1642 facinusque
826 1554 1000 1641 repellitel
1025 1573 1113 1624 neve

143 1664 250 1730 caede
266 1661 453 1728 sacerdotis
469 1661 626 1725 flammas
642 1660 850 1750 exstinguite
866 1660 1019 1728 Vestae!

187 1770 289 1835 Talia
306 1768 515 1857 nequiquam
531 1777 599 1833 toto
614 1766 736 1833 Venus
753 1767 857 1833 anxia
873 1770 970 1835 caelo

143 1879 248 1944 verba
256 1876 353 1966 jacit,
366 1896 574 1962 superosque
586 1884 699 1940 movet
711 1897 719 1948 ;
736 1875 795 1962 qui
809 1894 967 1961 rumpere
980 1898 1199 1965 quamquam

143 1984 253 2049 ferrea
270 2004 339 2048 nou
355 1992 497 2068 possunt
513 1993 665 2046 veterum
683 1981 819 2047 decreta
836 2004 1003 2060 sororum,

143 2091 243 2178 signa
260 2100 376 2155 tamen
391 2088 502 2154 luctus
518 2087 602 2152 dant
617 2087 709 2154 baud
725 2088 856 2154 incerta
872 2090 987 2156 futuri.

144 2217 239 2262 arma
256 2196 368 2261 ferunt
383 2195 470 2262 inter
486 2195 604 2283 nigras
620 2196 820 2282 crepitantia
837 2198 946 2274 nubes

142 2303 377 2391 terribilesque
393 2303 506 2378 tubas,
524 2303 708 2390 auditaque
725 2324 854 2369 cornua
871 2306 968 2371 caelo

143 2411 400 2495 praemonuisse
417 2409 526 2475 nefas.
575 2408 668 2477 Solis
683 2430 819 2497 quoque
835 2411 938 2478 tristis
954 2412 1070 2502 imago
1143 2431 1197 2502 785

143 2517 254 2582 lurida
271 2516 423 2582 sollicitis
439 2516 627 2602 praebebat
641 2516 771 2582 lumina
787 2517 898 2609 terris.

143 2645 247 2710 saepe
263 2625 357 2690 faces
373 2623 468 2690 visae
485 2623 607 2689 mediis
623 2625 745 2690 ardere
760 2626 825 2691 sub
841 2626 961 2702 astris3

143 2752 246 2816 saepe
262 2730 350 2796 inter
365 2730 500 2795 nimbos
514 2741 632 2816 guttae
648 2730 804 2797 cecidere
820 2744 994 2800 cruentae.

143 2838 301 2903 caerulus
318 2848 352 2902 et
366 2838 499 2902 vultum
515 2837 690 2925 ferrugine
708 2835 848 2904 Lucifer
864 2849 936 2906 atra

143 2932 281 3029 sparsus
298 2954 383 3018 erat,
402 2942 511 3029 sparsi
528 2943 667 3009 lunares
682 2945 854 3032 sanguine
870 2967 1000 3014 currus.
1144 2979 1198 3038 790

142 3049 248 3115 tristia
266 3049 359 3114 mille
374 3049 460 3116 locis
476 3049 620 3137 Stygius
636 3050 731 3116 dedit
745 3052 861 3117 omina
877 3053 989 3128 bubo;

143 3156 236 3221 mille
252 3155 336 3222 locis
352 3156 543 3223 lacrimavit
560 3157 656 3232 ebur,
675 3168 863 3245 cantusque
880 3159 1034 3227 feruntur

143 3262 248 3328 auditi
265 3263 392 3329 sanctis
407 3275 442 3330 et
456 3265 561 3330 verba
578 3265 742 3331 minantia
759 3265 858 3332 lucis.

142 3369 280 3435 victima
295 3370 392 3434 nulla
407 3369 492 3446 litat,
511 3392 725 3459 magnosque
741 3371 871 3438 instare
883 3376 1047 3442 tumultus

142 3476 227 3540 fibra
244 3485 372 3552 monet,
390 3496 598 3564 caesumque
615 3489 719 3564 caput
734 3480 900 3565 reperitur
915 3481 950 3547 iu
967 3484 1075 3560 extis;
1142 3515 1194 3594 795

141 3580 254 3667 inque
263 3581 383 3648 foro
353 3603 552 3669 circumque
568 3584 689 3650 domos
705 3597 738 3651 et
754 3589 882 3674 templa
899 3589 1041 3656 deorum

141 3698 325 3753 nocturnos
342 3688 497 3754 ululasse
510 3710 628 3766 canes,
646 3693 853 3781 umbrasque
870 3696 1030 3763 silentum

142 3793 310 3858 erravisse
326 3793 450 3871 ferunt,
469 3807 664 3883 motamque
680 3801 883 3867 tremoribus
900 3803 1033 3868 urbem.

187 3896 269 3963 Non
285 3910 399 3962 tamen
415 3898 558 3966 insidias
573 3914 785 3989 venturaque
802 3905 940 3972 vincere
958 3908 1027 3974 fata

141 4003 374 4090 praemonitus
388 4014 529 4089 potuere
546 4006 669 4082 deum3
695 4007 867 4096 strictique
884 4012 1038 4082 feruntur
1141 4037 1195 4092 800
