2767 4467
186 254 229 327 24
386 256 425 301 11.
466 236 536 302 The
558 236 765 302 Adventare
787 234 835 320 of
847 232 1040 299 Phaethon.
1090 250 1238 322 [Mem.

184 433 341 522 quamvis
356 435 473 499 tardus
490 452 579 509 eras,
599 443 632 498 et
647 444 680 498 te
695 443 755 497 tua
770 431 923 516 plaustra
939 430 1112 507 tenebant.
1170 482 1177 491 .

230 541 278 605 Ut
292 562 374 605 vero
391 560 524 604 summo
541 538 700 624 despexit
714 538 759 602 ab
775 538 913 601 aethere
929 548 1037 601 terras

184 646 303 711 infelix
321 645 513 721 Phaethon,
532 646 666 730 penitus
682 644 888 729 penitusque
898 642 1066 729 jacentes,

184 752 317 836 palluit,
336 762 369 816 et
384 752 496 817 subito
511 772 626 839 genua
642 751 847 815 intremuere
864 748 996 823 timore,
1188 766 1237 820 180

185 870 329 943 suntque
346 858 454 922 oculis
470 859 632 922 tenebrae
648 878 711 941 per
725 867 856 920 tantum
873 856 992 920 lumen
1006 854 1160 920 obortae.

185 976 217 1027 et
229 963 301 1050 jam
318 964 436 1029 mallet
450 984 557 1050 equos
573 984 762 1051 numquam
777 960 931 1049 tetigisse
946 972 1127 1046 paternos3

182 1068 252 1157 jam
271 1090 438 1157 cognosse
455 1090 566 1156 genus
582 1069 688 1157 piget,
708 1080 741 1133 et
755 1067 1097 1155 valuisserogando:

182 1174 253 1263 jam
270 1174 424 1261 Meropis
440 1176 507 1241 dici
525 1176 678 1262 cupiens,
698 1175 745 1240 ita
761 1174 877 1250 fertur,
895 1185 933 1240 ut
947 1181 1025 1239 acta

184 1280 362 1367 praecipiti
387 1282 487 1368 pinus
504 1282 621 1357 borea,
639 1281 695 1346 cui
711 1281 801 1346 victa
817 1280 960 1345 remisit·
1004 1314 1018 1324 ·<

184 1384 281 1451 frena
298 1410 379 1452 suus
395 1399 516 1463 rector,
535 1409 639 1473 quarn
656 1388 715 1452 dis⁴
724 1387 879 1474 votisque
894 1386 1041 1474 reliquit.

231 1493 326 1579 Quid
343 1492 466 1558 saciat?
490 1495 631 1558 multum
650 1494 737 1559 caeli
753 1499 830 1579 post
844 1503 941 1580 terga
958 1494 1126 1570 relictum,

185 1611 263 1665 ante
280 1601 397 1665 oculos
414 1601 491 1685 plus
507 1612 577 1665 est:
604 1600 718 1667 animo
736 1600 870 1666 metitur
886 1611 1079 1686 utrumque.

173 1706 218 1771 'et
234 1707 335 1771 modo
351 1728 436 1791 quos
452 1706 500 1770 iili
518 1708 624 1771 satum
641 1708 842 1794 contingere
858 1706 926 1771 tion
939 1712 1006 1782 est,

184 1812 346 1897 prospicit
362 1834 517 1889 occasun
535 1813 707 1878 interdum
722 1812 860 1897 respicit
874 1822 979 1878 ortus.

184 1918 334 2004 quidque
350 1928 444 2005 agat,
463 1918 604 2005 ignarus
621 1930 745 2004 stupet,
763 1930 797 1984 et
812 1938 878 1983 nec
893 1919 989 1983 frena
1006 1917 1155 1996 remittit,

184 2044 249 2087 nec
266 2023 410 2088 retinere
426 2025 530 2100 valet,
547 2030 612 2090 nec
628 2026 769 2090 nomina
786 2025 880 2091 novit
895 2046 1074 2111 equorum.

184 2150 305 2215 sparsa
321 2152 456 2217 quoque
472 2114 513 2195 in*
524 2131 618 2196 vario
635 2132 763 2217 passim
782 2132 948 2199 miracula
963 2132 1061 2198 caelo

182 2236 534 2323 vastarumquevidet
549 2236 701 2323 trepidus
717 2237 902 2303 simulacra
918 2237 1080 2302 serarum.

229 2339 291 2405 Est
306 2343 415 2417 locus,
433 2340 469 2405 in
487 2342 643 2428 geminos
660 2341 718 2406 ubi
735 2342 878 2407 brachia
894 2351 1063 2407 concavat
1079 2362 1180 2407 arcus

184 2446 358 2534 Scorpios,
378 2459 410 2513 et
427 2450 538 2513 cauda
553 2448 721 2533 flexisque
738 2448 907 2533 utrimque
924 2448 1060 2512 lacertis

183 2556 325 2643 porrigit
341 2558 375 2621 in
393 2557 539 2642 spatium
556 2556 733 2642 signorum
751 2556 904 2647 membra
920 2556 1076 2621 duorum.
1180 2609 1181 2614 ,

184 2664 276 2729 hunc
293 2683 380 2748 puer.
393 2675 429 2728 ut
446 2663 533 2749 nigri
552 2663 727 2728 madidum
743 2663 867 2727 sudore
883 2662 1008 2727 veneni

182 2769 326 2833 vulnera
343 2779 483 2833 curvata
502 2768 715 2833 minitantem
732 2768 874 2853 cuspide
889 2768 984 2844 vidit,
1053 2824 1057 2828 ,
1081 2801 1085 2807 =

184 2874 306 2939 mentis
322 2874 421 2958 inops
438 2874 554 2960 gelida
569 2874 751 2939 formidine
767 2875 841 2939 lora
856 2875 997 2939 remisit.
1180 2906 1235 2945 200

183 3001 270 3066 quae
287 2993 466 3066 postquam
484 2982 624 3044 summo'
634 2980 777 3067 tetigere
788 2981 939 3068 jacentia
955 2992 1065 3067 terge,

183 3086 417 3170 exspatiantur
433 3086 524 3171 equi,
543 3086 705 3171 nulloque
721 3086 897 3151 inhibente
914 3108 975 3172 per
990 3106 1092 3151 auras
1135 3162 1139 3171 Ι

182 3191 321 3279 ignotae
337 3192 487 3279 regionis
504 3202 597 3267 eunt,
615 3214 751 3279 quaque
767 3192 914 3277 impetus
930 3193 1012 3280 egit,
1099 3238 1103 3244 -

183 3299 249 3363 hac
265 3300 337 3363 sine
354 3300 433 3385 lege
450 3309 570 3373 ruunt;
598 3299 733 3386 altoque
749 3300 814 3364 sub
830 3300 966 3363 aethere
982 3298 1061 3363 fixis

182 3403 357 3470 incursant
373 3405 491 3480 stellis,
510 3404 714 3489 rapiuntque
731 3426 793 3489 per
808 3404 886 3469 avia
902 3425 1051 3468 currum.
1181 3436 1233 3493 ²05

182 3520 215 3575 et
232 3512 332 3575 modo
349 3532 483 3575 summa
500 3521 628 3603 petunt,
648 3511 749 3575 modo
765 3532 828 3595 per
843 3510 974 3576 declive
990 3510 1132 3596 viasque

182 3618 385 3703 praecipites
403 3617 511 3703 spatio
527 3626 636 3681 terrae
654 3615 812 3700 propiore
827 3616 992 3680 feruntur.

181 3723 389 3810 inferiusque
406 3724 475 3789 suis
493 3723 659 3787 fraternos
676 3742 813 3785 currere
829 3720 931 3785 Luna

181 3830 367 3894 admiratur
384 3852 501 3915 equos,
521 3828 746 3911 ambustaque
762 3826 879 3890 nubila
896 3826 1039 3891 fumant.

227 3933 417 4021 Corripitur
432 3930 580 3997 flammis
597 3943 633 3994 ut
648 3951 805 4017 quaeque
822 3930 999 4007 altissima,
1017 3931 1130 4008 tellus,
1179 3966 1234 4007 210
