<?xml version="1.0" encoding="UTF-8"?>
<!DOCTYPE html PUBLIC "-//W3C//DTD XHTML 1.0 Transitional//EN"
    "http://www.w3.org/TR/xhtml1/DTD/xhtml1-transitional.dtd">
<html xmlns="http://www.w3.org/1999/xhtml" xml:lang="en" lang="en">
 <head>
  <title>
</title>
<meta http-equiv="Content-Type" content="text/html;charset=utf-8" />
  <meta name='ocr-system' content='tesseract 3.04.00' />
  <meta name='ocr-capabilities' content='ocr_page ocr_carea ocr_par ocr_line ocrx_word'/>
</head>
<body>
  <div class='ocr_page' id='page_1' title='image "./poemataquaedame01ovidgoog_0194.png"; bbox 0 0 2767 4467; ppageno 0'>
   <div class='ocr_carea' id='block_1_1' title="bbox 192 286 1260 376">
    <p class='ocr_par' dir='ltr' id='par_1_1' title="bbox 192 286 1260 376">
     <span class='ocr_line' id='line_1_1' title="bbox 192 286 1260 376; baseline 0.008 -24"><span class='ocrx_word' id='word_1_1' title='bbox 192 286 258 353; x_wconf 90' lang='lat'><strong>180</strong></span> <span class='ocrx_word' id='word_1_2' title='bbox 565 288 716 357; x_wconf 72' lang='lat' dir='ltr'><strong>Skorter</strong></span> <span class='ocrx_word' id='word_1_3' title='bbox 737 288 874 354; x_wconf 84' lang='lat' dir='ltr'><strong>Poems.</strong></span> <span class='ocrx_word' id='word_1_4' title='bbox 1102 303 1260 376; x_wconf 75' lang='lat' dir='ltr'><strong>[Tarsam.</strong></span> 
     </span>
    </p>
   </div>
   <div class='ocr_carea' id='block_1_2' title="bbox 129 482 1145 1081">
    <p class='ocr_par' dir='ltr' id='par_1_2' title="bbox 188 482 1052 678">
     <span class='ocr_line' id='line_1_2' title="bbox 188 482 1052 575; baseline 0 -27"><span class='ocrx_word' id='word_1_5' title='bbox 188 482 236 548; x_wconf 89' lang='lat' dir='ltr'><strong>At</strong></span> <span class='ocrx_word' id='word_1_6' title='bbox 252 485 336 550; x_wconf 89' lang='lat' dir='ltr'><strong>mihi</strong></span> <span class='ocrx_word' id='word_1_7' title='bbox 348 486 420 575; x_wconf 89' lang='lat' dir='ltr'><strong>jam</strong></span> <span class='ocrx_word' id='word_1_8' title='bbox 438 508 545 573; x_wconf 91' lang='lat' dir='ltr'><strong>puero</strong></span> <span class='ocrx_word' id='word_1_9' title='bbox 561 485 723 552; x_wconf 91' lang='lat' dir='ltr'><strong>caelestia</strong></span> <span class='ocrx_word' id='word_1_10' title='bbox 739 505 838 550; x_wconf 92' lang='lat' dir='ltr'><strong>sacra</strong></span> <span class='ocrx_word' id='word_1_11' title='bbox 855 483 1052 570; x_wconf 87' lang='lat' dir='ltr'><strong>placebant,</strong></span> 
     </span>
     <span class='ocr_line' id='line_1_3' title="bbox 233 590 1001 678; baseline -0.001 -24"><span class='ocrx_word' id='word_1_12' title='bbox 233 590 342 678; x_wconf 91' lang='lat' dir='ltr'><strong>Inque</strong></span> <span class='ocrx_word' id='word_1_13' title='bbox 358 614 458 657; x_wconf 90' lang='lat' dir='ltr'><strong>suum</strong></span> <span class='ocrx_word' id='word_1_14' title='bbox 475 593 588 658; x_wconf 89' lang='lat' dir='ltr'><strong>furtim</strong></span> <span class='ocrx_word' id='word_1_15' title='bbox 606 591 712 657; x_wconf 91' lang='lat' dir='ltr'><strong>Musa</strong></span> <span class='ocrx_word' id='word_1_16' title='bbox 728 590 886 657; x_wconf 90' lang='lat' dir='ltr'><strong>trahebat</strong></span> <span class='ocrx_word' id='word_1_17' title='bbox 901 611 1001 674; x_wconf 91' lang='lat' dir='ltr'><strong>opus.</strong></span> 
     </span>
    </p>

    <p class='ocr_par' dir='ltr' id='par_1_3' title="bbox 187 694 1145 994">
     <span class='ocr_line' id='line_1_4' title="bbox 188 694 1145 784; baseline 0.003 -24"><span class='ocrx_word' id='word_1_18' title='bbox 188 695 303 782; x_wconf 88' lang='lat' dir='ltr'>Saepe</span> <span class='ocrx_word' id='word_1_19' title='bbox 319 710 416 784; x_wconf 89' lang='lat' dir='ltr'><strong>pater</strong></span> <span class='ocrx_word' id='word_1_20' title='bbox 431 698 518 763; x_wconf 85' lang='lat' dir='ltr'>dixit</span> <span class='ocrx_word' id='word_1_21' title='bbox 535 709 544 739; x_wconf 77' lang='lat'><em>⁶</em></span> <span class='ocrx_word' id='word_1_22' title='bbox 561 696 721 763; x_wconf 90' lang='lat' dir='ltr'><strong>Studium</strong></span> <span class='ocrx_word' id='word_1_23' title='bbox 737 695 818 783; x_wconf 91' lang='lat' dir='ltr'><strong>quid</strong></span> <span class='ocrx_word' id='word_1_24' title='bbox 837 694 955 761; x_wconf 89' lang='lat' dir='ltr'><strong>inutile</strong></span> <span class='ocrx_word' id='word_1_25' title='bbox 972 696 1145 784; x_wconf 83' lang='lat' dir='ltr'><strong>temptas?</strong></span> 
     </span>
     <span class='ocr_line' id='line_1_5' title="bbox 232 801 936 889; baseline 0 -23"><span class='ocrx_word' id='word_1_26' title='bbox 232 802 436 870; x_wconf 84' lang='lat' dir='ltr'><strong>Maeonides</strong></span> <span class='ocrx_word' id='word_1_27' title='bbox 454 805 567 868; x_wconf 90' lang='lat' dir='ltr'><strong>nullas</strong></span> <span class='ocrx_word' id='word_1_28' title='bbox 583 805 655 889; x_wconf 89' lang='lat' dir='ltr'><strong>ipse</strong></span> <span class='ocrx_word' id='word_1_29' title='bbox 673 801 810 888; x_wconf 91' lang='lat' dir='ltr'><strong>reliquit</strong></span> <span class='ocrx_word' id='word_1_30' title='bbox 826 802 936 886; x_wconf 88' lang='lat' dir='ltr'><strong>opes.’</strong></span> 
     </span>
     <span class='ocr_line' id='line_1_6' title="bbox 187 907 1026 994; baseline 0.005 -22"><span class='ocrx_word' id='word_1_31' title='bbox 187 907 305 974; x_wconf 87' lang='lat' dir='ltr'><strong>Motus</strong></span> <span class='ocrx_word' id='word_1_32' title='bbox 321 931 416 975; x_wconf 89' lang='lat' dir='ltr'><strong>eram</strong></span> <span class='ocrx_word' id='word_1_33' title='bbox 432 911 545 986; x_wconf 87' lang='lat' dir='ltr'><strong>dictis,</strong></span> <span class='ocrx_word' id='word_1_34' title='bbox 562 920 700 994; x_wconf 91' lang='lat' dir='ltr'><strong>totoque</strong></span> <span class='ocrx_word' id='word_1_35' title='bbox 719 907 890 973; x_wconf 91' lang='lat' dir='ltr'><strong>Helicone</strong></span> <span class='ocrx_word' id='word_1_36' title='bbox 907 909 1026 976; x_wconf 91' lang='lat' dir='ltr'><strong>relicto</strong></span> 
     </span>
    </p>

    <p class='ocr_par' dir='ltr' id='par_1_4' title="bbox 129 999 948 1081">
     <span class='ocr_line' id='line_1_7' title="bbox 129 999 948 1081; baseline -0.001 -1"><span class='ocrx_word' id='word_1_37' title='bbox 129 999 132 1003; x_wconf 24' lang='lat'><strong>²</strong></span> <span class='ocrx_word' id='word_1_38' title='bbox 232 1013 392 1080; x_wconf 87' lang='lat' dir='ltr'>Scribere</span> <span class='ocrx_word' id='word_1_39' title='bbox 409 1016 560 1080; x_wconf 90' lang='lat' dir='ltr'><strong>conabar</strong></span> <span class='ocrx_word' id='word_1_40' title='bbox 574 1015 681 1080; x_wconf 91' lang='lat' dir='ltr'><strong>verba</strong></span> <span class='ocrx_word' id='word_1_41' title='bbox 697 1013 807 1078; x_wconf 89' lang='lat' dir='ltr'><strong>soluta</strong></span> <span class='ocrx_word' id='word_1_42' title='bbox 825 1014 948 1081; x_wconf 90' lang='lat' dir='ltr'><strong>modis.</strong></span> 
     </span>
    </p>
   </div>
   <div class='ocr_carea' id='block_1_3' title="bbox 187 1119 1101 1309">
    <p class='ocr_par' dir='ltr' id='par_1_5' title="bbox 187 1119 1101 1309">
     <span class='ocr_line' id='line_1_8' title="bbox 187 1119 1101 1210; baseline 0.005 -25"><span class='ocrx_word' id='word_1_43' title='bbox 187 1119 318 1206; x_wconf 88' lang='lat' dir='ltr'>Sponte</span> <span class='ocrx_word' id='word_1_44' title='bbox 334 1143 398 1186; x_wconf 90' lang='lat' dir='ltr'><strong>sua</strong></span> <span class='ocrx_word' id='word_1_45' title='bbox 414 1142 554 1187; x_wconf 90' lang='lat' dir='ltr'><strong>carmen</strong></span> <span class='ocrx_word' id='word_1_46' title='bbox 571 1141 732 1184; x_wconf 89' lang='lat' dir='ltr'><strong>numeros</strong></span> <span class='ocrx_word' id='word_1_47' title='bbox 749 1120 910 1189; x_wconf 91' lang='lat' dir='ltr'><strong>veniebat</strong></span> <span class='ocrx_word' id='word_1_48' title='bbox 927 1123 972 1189; x_wconf 91' lang='lat' dir='ltr'><strong>ad</strong></span> <span class='ocrx_word' id='word_1_49' title='bbox 989 1133 1101 1210; x_wconf 63' lang='lat' dir='ltr'><strong>aptota,</strong></span> 
     </span>
     <span class='ocr_line' id='line_1_9' title="bbox 232 1220 994 1309; baseline 0.005 -23"><span class='ocrx_word' id='word_1_50' title='bbox 232 1220 276 1286; x_wconf 92' lang='lat' dir='ltr'><strong>Et</strong></span> <span class='ocrx_word' id='word_1_51' title='bbox 291 1223 382 1309; x_wconf 90' lang='lat' dir='ltr'><strong>quod</strong></span> <span class='ocrx_word' id='word_1_52' title='bbox 398 1222 607 1307; x_wconf 85' lang='lat' dir='ltr'><strong>temptabam</strong></span> <span class='ocrx_word' id='word_1_53' title='bbox 624 1220 751 1298; x_wconf 88' lang='lat' dir='ltr'>dicere,</span> <span class='ocrx_word' id='word_1_54' title='bbox 773 1245 893 1290; x_wconf 91' lang='lat' dir='ltr'><strong>versus</strong></span> <span class='ocrx_word' id='word_1_55' title='bbox 910 1236 994 1291; x_wconf 88' lang='lat' dir='ltr'><strong>erat.</strong></span> 
     </span>
    </p>
   </div>
   <div class='ocr_carea' id='block_1_4' title="bbox 181 1327 1250 4085">
    <p class='ocr_par' dir='ltr' id='par_1_6' title="bbox 181 1327 1250 4085">
     <span class='ocr_line' id='line_1_10' title="bbox 187 1327 889 1414; baseline 0.006 -22"><span class='ocrx_word' id='word_1_56' title='bbox 187 1327 323 1393; x_wconf 87' lang='lat' dir='ltr'><strong>Interea</strong></span> <span class='ocrx_word' id='word_1_57' title='bbox 338 1329 440 1394; x_wconf 91' lang='lat' dir='ltr'><strong>tacito</strong></span> <span class='ocrx_word' id='word_1_58' title='bbox 456 1349 560 1414; x_wconf 89' lang='lat' dir='ltr'><strong>passu</strong></span> <span class='ocrx_word' id='word_1_59' title='bbox 577 1327 771 1396; x_wconf 86' lang='lat' dir='ltr'><strong>labentibus</strong></span> <span class='ocrx_word' id='word_1_60' title='bbox 790 1331 889 1397; x_wconf 89' lang='lat' dir='ltr'><strong>annis</strong></span> 
     </span>
     <span class='ocr_line' id='line_1_11' title="bbox 231 1433 1002 1526; baseline 0.008 -27"><span class='ocrx_word' id='word_1_61' title='bbox 231 1433 390 1500; x_wconf 88' lang='lat' dir='ltr'>Liberior</span> <span class='ocrx_word' id='word_1_62' title='bbox 406 1433 500 1499; x_wconf 79' lang='lat' dir='ltr'><strong>fratri</strong></span> <span class='ocrx_word' id='word_1_63' title='bbox 517 1445 652 1518; x_wconf 90' lang='lat' dir='ltr'><strong>sumpta</strong></span> <span class='ocrx_word' id='word_1_64' title='bbox 669 1435 823 1524; x_wconf 89' lang='lat' dir='ltr'>mihique</span> <span class='ocrx_word' id='word_1_65' title='bbox 840 1447 921 1526; x_wconf 87' lang='lat' dir='ltr'><strong>toga</strong></span> <span class='ocrx_word' id='word_1_66' title='bbox 939 1448 1002 1515; x_wconf 91' lang='lat' dir='ltr'><strong>est,</strong></span> 
     </span>
     <span class='ocr_line' id='line_1_12' title="bbox 186 1540 1057 1630; baseline 0.003 -22"><span class='ocrx_word' id='word_1_67' title='bbox 186 1541 411 1628; x_wconf 88' lang='lat' dir='ltr'><strong>Induiturque</strong></span> <span class='ocrx_word' id='word_1_68' title='bbox 427 1540 579 1605; x_wconf 91' lang='lat' dir='ltr'><strong>humeris</strong></span> <span class='ocrx_word' id='word_1_69' title='bbox 596 1561 675 1605; x_wconf 89' lang='lat' dir='ltr'><strong>cum</strong></span> <span class='ocrx_word' id='word_1_70' title='bbox 691 1543 760 1609; x_wconf 90' lang='lat' dir='ltr'><strong>lato</strong></span> <span class='ocrx_word' id='word_1_71' title='bbox 777 1565 927 1630; x_wconf 90' lang='lat' dir='ltr'><strong>purpura</strong></span> <span class='ocrx_word' id='word_1_72' title='bbox 945 1546 1057 1622; x_wconf 89' lang='lat' dir='ltr'><strong>clavo,</strong></span> 
     </span>
     <span class='ocr_line' id='line_1_13' title="bbox 231 1645 994 1734; baseline 0.001 -21"><span class='ocrx_word' id='word_1_73' title='bbox 231 1648 276 1713; x_wconf 91' lang='lat' dir='ltr'><strong>Et</strong></span> <span class='ocrx_word' id='word_1_74' title='bbox 291 1647 440 1713; x_wconf 87' lang='lat' dir='ltr'><strong>studium</strong></span> <span class='ocrx_word' id='word_1_75' title='bbox 457 1645 556 1712; x_wconf 92' lang='lat' dir='ltr'><strong>nobis</strong></span> <span class='ocrx_word' id='word_1_76' title='bbox 572 1649 663 1734; x_wconf 88' lang='lat' dir='ltr'><strong>quod</strong></span> <span class='ocrx_word' id='word_1_77' title='bbox 680 1649 742 1714; x_wconf 91' lang='lat' dir='ltr'><strong>suit</strong></span> <span class='ocrx_word' id='word_1_78' title='bbox 758 1662 849 1727; x_wconf 88' lang='lat' dir='ltr'><strong>ante,</strong></span> <span class='ocrx_word' id='word_1_79' title='bbox 869 1662 994 1716; x_wconf 88' lang='lat' dir='ltr'><strong>manet.</strong></span> 
     </span>
     <span class='ocr_line' id='line_1_14' title="bbox 181 1753 1089 1844; baseline 0.004 -24"><span class='ocrx_word' id='word_1_80' title='bbox 181 1755 331 1844; x_wconf 90' lang='lat' dir='ltr'><strong>Jamque</strong></span> <span class='ocrx_word' id='word_1_81' title='bbox 347 1753 468 1820; x_wconf 90' lang='lat' dir='ltr'><strong>decem</strong></span> <span class='ocrx_word' id='word_1_82' title='bbox 485 1754 576 1818; x_wconf 88' lang='lat' dir='ltr'><strong>vitae</strong></span> <span class='ocrx_word' id='word_1_83' title='bbox 593 1754 696 1820; x_wconf 89' lang='lat' dir='ltr'><strong>srater</strong></span> <span class='ocrx_word' id='word_1_84' title='bbox 714 1757 951 1844; x_wconf 86' lang='lat' dir='ltr'><strong>geminaverat</strong></span> <span class='ocrx_word' id='word_1_85' title='bbox 967 1779 1089 1836; x_wconf 89' lang='lat' dir='ltr'><strong>annos,</strong></span> 
     </span>
     <span class='ocr_line' id='line_1_15' title="bbox 230 1860 950 1946; baseline 0.001 -19"><span class='ocrx_word' id='word_1_86' title='bbox 230 1860 322 1927; x_wconf 88' lang='lat' dir='ltr'><strong>Cum</strong></span> <span class='ocrx_word' id='word_1_87' title='bbox 339 1860 438 1946; x_wconf 90' lang='lat' dir='ltr'><strong>perit,</strong></span> <span class='ocrx_word' id='word_1_88' title='bbox 457 1871 490 1926; x_wconf 89' lang='lat' dir='ltr'><strong>et</strong></span> <span class='ocrx_word' id='word_1_89' title='bbox 507 1861 605 1946; x_wconf 90' lang='lat' dir='ltr'><strong>coepi</strong></span> <span class='ocrx_word' id='word_1_90' title='bbox 621 1873 718 1946; x_wconf 87' lang='lat' dir='ltr'><strong>parte</strong></span> <span class='ocrx_word' id='word_1_91' title='bbox 735 1883 852 1928; x_wconf 90' lang='lat' dir='ltr'><strong>carere</strong></span> <span class='ocrx_word' id='word_1_92' title='bbox 870 1864 950 1928; x_wconf 90' lang='lat' dir='ltr'><strong>mei.</strong></span> 
     </span>
     <span class='ocr_line' id='line_1_16' title="bbox 187 1968 1015 2056; baseline 0 -20"><span class='ocrx_word' id='word_1_93' title='bbox 187 1968 353 2056; x_wconf 88' lang='lat' dir='ltr'><strong>Cepimus</strong></span> <span class='ocrx_word' id='word_1_94' title='bbox 369 1979 404 2034; x_wconf 92' lang='lat' dir='ltr'><strong>et</strong></span> <span class='ocrx_word' id='word_1_95' title='bbox 419 1979 556 2033; x_wconf 86' lang='lat' dir='ltr'><strong>tenerae</strong></span> <span class='ocrx_word' id='word_1_96' title='bbox 574 1968 702 2053; x_wconf 90' lang='lat' dir='ltr'><strong>primos</strong></span> <span class='ocrx_word' id='word_1_97' title='bbox 719 1969 838 2034; x_wconf 88' lang='lat' dir='ltr'><strong>aetatis</strong></span> <span class='ocrx_word' id='word_1_98' title='bbox 855 1971 1015 2048; x_wconf 91' lang='lat' dir='ltr'><strong>honores,</strong></span> 
     </span>
     <span class='ocr_line' id='line_1_17' title="bbox 232 2075 1025 2164; baseline 0.001 -23"><span class='ocrx_word' id='word_1_99' title='bbox 232 2077 355 2164; x_wconf 93' lang='lat' dir='ltr'><strong>Deque</strong></span> <span class='ocrx_word' id='word_1_100' title='bbox 371 2075 453 2140; x_wconf 91' lang='lat' dir='ltr'><strong>viris</strong></span> <span class='ocrx_word' id='word_1_101' title='bbox 469 2076 642 2163; x_wconf 90' lang='lat' dir='ltr'><strong>quondam</strong></span> <span class='ocrx_word' id='word_1_102' title='bbox 660 2097 741 2162; x_wconf 90' lang='lat' dir='ltr'><strong>pars</strong></span> <span class='ocrx_word' id='word_1_103' title='bbox 756 2076 863 2142; x_wconf 86' lang='lat' dir='ltr'><strong>tribus</strong></span> <span class='ocrx_word' id='word_1_104' title='bbox 878 2099 947 2142; x_wconf 90' lang='lat' dir='ltr'><strong>una</strong></span> <span class='ocrx_word' id='word_1_105' title='bbox 964 2078 1025 2143; x_wconf 83' lang='lat' dir='ltr'><strong>sui.</strong></span> 
     </span>
     <span class='ocr_line' id='line_1_18' title="bbox 187 2182 998 2258; baseline 0 -8"><span class='ocrx_word' id='word_1_106' title='bbox 187 2183 295 2251; x_wconf 90' lang='lat' dir='ltr'><strong>Curia</strong></span> <span class='ocrx_word' id='word_1_107' title='bbox 310 2184 461 2249; x_wconf 87' lang='lat' dir='ltr'><strong>restabat</strong></span> <span class='ocrx_word' id='word_1_108' title='bbox 471 2204 481 2258; x_wconf 79' lang='lat'>3</span> <span class='ocrx_word' id='word_1_109' title='bbox 506 2182 594 2249; x_wconf 89' lang='lat' dir='ltr'><strong>clavi</strong></span> <span class='ocrx_word' id='word_1_110' title='bbox 613 2202 773 2247; x_wconf 89' lang='lat' dir='ltr'><strong>mensura</strong></span> <span class='ocrx_word' id='word_1_111' title='bbox 790 2194 908 2249; x_wconf 90' lang='lat' dir='ltr'><strong>coacta</strong></span> <span class='ocrx_word' id='word_1_112' title='bbox 924 2196 998 2250; x_wconf 83' lang='lat' dir='ltr'><strong>est:</strong></span> 
     </span>
     <span class='ocr_line' id='line_1_19' title="bbox 232 2288 937 2380; baseline -0.001 -24"><span class='ocrx_word' id='word_1_113' title='bbox 232 2289 350 2380; x_wconf 88' lang='lat' dir='ltr'><strong>Majus</strong></span> <span class='ocrx_word' id='word_1_114' title='bbox 366 2301 439 2356; x_wconf 89' lang='lat' dir='ltr'><strong>erat</strong></span> <span class='ocrx_word' id='word_1_115' title='bbox 454 2289 577 2356; x_wconf 90' lang='lat' dir='ltr'><strong>nostris</strong></span> <span class='ocrx_word' id='word_1_116' title='bbox 592 2288 721 2354; x_wconf 86' lang='lat' dir='ltr'><strong>viribus</strong></span> <span class='ocrx_word' id='word_1_117' title='bbox 738 2289 822 2354; x_wconf 91' lang='lat' dir='ltr'><strong>illud</strong></span> <span class='ocrx_word' id='word_1_118' title='bbox 838 2311 937 2355; x_wconf 88' lang='lat' dir='ltr'><strong>onus.</strong></span> 
     </span>
     <span class='ocr_line' id='line_1_20' title="bbox 187 2395 1081 2485; baseline -0.001 -21"><span class='ocrx_word' id='word_1_119' title='bbox 187 2397 266 2464; x_wconf 91' lang='lat' dir='ltr'><strong>Nec</strong></span> <span class='ocrx_word' id='word_1_120' title='bbox 281 2397 415 2485; x_wconf 90' lang='lat' dir='ltr'><strong>patiens</strong></span> <span class='ocrx_word' id='word_1_121' title='bbox 431 2417 568 2482; x_wconf 88' lang='lat' dir='ltr'><strong>corpus,</strong></span> <span class='ocrx_word' id='word_1_122' title='bbox 588 2416 653 2462; x_wconf 92' lang='lat' dir='ltr'><strong>nec</strong></span> <span class='ocrx_word' id='word_1_123' title='bbox 669 2417 766 2460; x_wconf 89' lang='lat' dir='ltr'><strong>mens</strong></span> <span class='ocrx_word' id='word_1_124' title='bbox 784 2395 846 2461; x_wconf 88' lang='lat' dir='ltr'><strong>fuit</strong></span> <span class='ocrx_word' id='word_1_125' title='bbox 863 2407 942 2482; x_wconf 89' lang='lat' dir='ltr'><strong>apta</strong></span> <span class='ocrx_word' id='word_1_126' title='bbox 959 2397 1081 2480; x_wconf 83' lang='lat' dir='ltr'><strong>labori,</strong></span> 
     </span>
     <span class='ocr_line' id='line_1_21' title="bbox 236 2501 936 2591; baseline -0.004 -21"><span class='ocrx_word' id='word_1_127' title='bbox 236 2503 478 2590; x_wconf 88' lang='lat' dir='ltr'><strong>Sollicitaeque</strong></span> <span class='ocrx_word' id='word_1_128' title='bbox 494 2503 603 2591; x_wconf 84' lang='lat' dir='ltr'><strong>fugax</strong></span> <span class='ocrx_word' id='word_1_129' title='bbox 619 2501 812 2567; x_wconf 87' lang='lat' dir='ltr'><strong>ambitionis</strong></span> <span class='ocrx_word' id='word_1_130' title='bbox 830 2523 936 2567; x_wconf 90' lang='lat' dir='ltr'><strong>eram.</strong></span> 
     </span>
     <span class='ocr_line' id='line_1_22' title="bbox 188 2608 961 2699; baseline -0.001 -22"><span class='ocrx_word' id='word_1_131' title='bbox 188 2611 232 2678; x_wconf 91' lang='lat' dir='ltr'><strong>Et</strong></span> <span class='ocrx_word' id='word_1_132' title='bbox 247 2624 364 2699; x_wconf 91' lang='lat' dir='ltr'><strong>petere</strong></span> <span class='ocrx_word' id='word_1_133' title='bbox 380 2609 516 2676; x_wconf 88' lang='lat' dir='ltr'><strong>Aoniae</strong></span> <span class='ocrx_word' id='word_1_134' title='bbox 533 2608 723 2675; x_wconf 89' lang='lat' dir='ltr'><strong>suadebant</strong></span> <span class='ocrx_word' id='word_1_135' title='bbox 739 2618 810 2672; x_wconf 84' lang='lat' dir='ltr'><strong>tuta</strong></span> <span class='ocrx_word' id='word_1_136' title='bbox 827 2630 961 2676; x_wconf 89' lang='lat' dir='ltr'><strong>sorores</strong></span> 
     </span>
     <span class='ocr_line' id='line_1_23' title="bbox 233 2718 860 2807; baseline -0.006 -22"><span class='ocrx_word' id='word_1_137' title='bbox 233 2719 327 2795; x_wconf 88' lang='lat' dir='ltr'><strong>Otia,</strong></span> <span class='ocrx_word' id='word_1_138' title='bbox 341 2718 472 2807; x_wconf 84' lang='lat' dir='ltr'><strong>judicio</strong></span> <span class='ocrx_word' id='word_1_139' title='bbox 489 2737 626 2802; x_wconf 86' lang='lat' dir='ltr'><strong>semper</strong></span> <span class='ocrx_word' id='word_1_140' title='bbox 641 2726 754 2780; x_wconf 89' lang='lat' dir='ltr'><strong>amata</strong></span> <span class='ocrx_word' id='word_1_141' title='bbox 774 2737 860 2781; x_wconf 89' lang='lat' dir='ltr'><strong>meo.</strong></span> 
     </span>
     <span class='ocr_line' id='line_1_24' title="bbox 187 2821 888 2912; baseline -0.006 -20"><span class='ocrx_word' id='word_1_142' title='bbox 187 2825 372 2912; x_wconf 89' lang='lat' dir='ltr'><strong>Temporis</strong></span> <span class='ocrx_word' id='word_1_143' title='bbox 388 2824 479 2891; x_wconf 91' lang='lat' dir='ltr'><strong>illius</strong></span> <span class='ocrx_word' id='word_1_144' title='bbox 496 2823 586 2890; x_wconf 93' lang='lat' dir='ltr'><strong>colui</strong></span> <span class='ocrx_word' id='word_1_145' title='bbox 602 2821 738 2909; x_wconf 85' lang='lat' dir='ltr'><strong>fovique</strong></span> <span class='ocrx_word' id='word_1_146' title='bbox 755 2827 888 2908; x_wconf 71' lang='lat' dir='ltr'><strong>poetae,</strong></span> 
     </span>
     <span class='ocr_line' id='line_1_25' title="bbox 235 2928 1049 3022; baseline -0.005 -24"><span class='ocrx_word' id='word_1_147' title='bbox 235 2933 397 3022; x_wconf 78' lang='lat' dir='ltr'><strong>Qotque</strong></span> <span class='ocrx_word' id='word_1_148' title='bbox 414 2933 558 2997; x_wconf 90' lang='lat' dir='ltr'><strong>aderant</strong></span> <span class='ocrx_word' id='word_1_149' title='bbox 572 2941 681 3003; x_wconf 89' lang='lat' dir='ltr'><strong>vates,</strong></span> <span class='ocrx_word' id='word_1_150' title='bbox 700 2928 800 2992; x_wconf 91' lang='lat' dir='ltr'><strong>rebar</strong></span> <span class='ocrx_word' id='word_1_151' title='bbox 816 2929 937 2995; x_wconf 89' lang='lat' dir='ltr'><strong>adesse</strong></span> <span class='ocrx_word' id='word_1_152' title='bbox 954 2929 1049 2997; x_wconf 89' lang='lat' dir='ltr'><strong>deos.</strong></span> 
     </span>
     <span class='ocr_line' id='line_1_26' title="bbox 189 3033 1072 3127; baseline -0.007 -19"><span class='ocrx_word' id='word_1_153' title='bbox 189 3041 304 3127; x_wconf 91' lang='lat' dir='ltr'><strong>Saepe</strong></span> <span class='ocrx_word' id='word_1_154' title='bbox 321 3061 402 3106; x_wconf 89' lang='lat' dir='ltr'><strong>suas</strong></span> <span class='ocrx_word' id='word_1_155' title='bbox 420 3036 582 3104; x_wconf 83' lang='lat' dir='ltr'><strong>Volucres</strong></span> <span class='ocrx_word' id='word_1_156' title='bbox 590 3035 676 3123; x_wconf 85' lang='lat' dir='ltr'><strong>legit</strong></span> <span class='ocrx_word' id='word_1_157' title='bbox 693 3033 776 3099; x_wconf 91' lang='lat' dir='ltr'><strong>mihi</strong></span> <span class='ocrx_word' id='word_1_158' title='bbox 793 3036 958 3122; x_wconf 86' lang='lat' dir='ltr'><strong>grandior</strong></span> <span class='ocrx_word' id='word_1_159' title='bbox 974 3057 1072 3113; x_wconf 88' lang='lat' dir='ltr'><strong>aevo,</strong></span> 
     </span>
     <span class='ocr_line' id='line_1_27' title="bbox 235 3141 1203 3235; baseline -0.003 -23"><span class='ocrx_word' id='word_1_160' title='bbox 235 3147 406 3235; x_wconf 71' lang='lat' dir='ltr'><strong>Quaeque</strong></span> <span class='ocrx_word' id='word_1_161' title='bbox 421 3158 521 3213; x_wconf 90' lang='lat' dir='ltr'><strong>necet</strong></span> <span class='ocrx_word' id='word_1_162' title='bbox 536 3164 691 3230; x_wconf 90' lang='lat' dir='ltr'><strong>serpens,</strong></span> <span class='ocrx_word' id='word_1_163' title='bbox 711 3162 800 3228; x_wconf 89' lang='lat' dir='ltr'><strong>quae</strong></span> <span class='ocrx_word' id='word_1_164' title='bbox 814 3141 911 3230; x_wconf 91' lang='lat' dir='ltr'><strong>juvet</strong></span> <span class='ocrx_word' id='word_1_165' title='bbox 928 3143 1047 3219; x_wconf 91' lang='lat' dir='ltr'><strong>herba,</strong></span> <span class='ocrx_word' id='word_1_166' title='bbox 1066 3143 1203 3211; x_wconf 89' lang='lat' dir='ltr'><strong>Macer.</strong></span> 
     </span>
     <span class='ocr_line' id='line_1_28' title="bbox 189 3248 1245 3342; baseline -0.009 -20"><span class='ocrx_word' id='word_1_167' title='bbox 189 3254 304 3342; x_wconf 90' lang='lat' dir='ltr'><strong>Saepe</strong></span> <span class='ocrx_word' id='word_1_168' title='bbox 320 3277 401 3322; x_wconf 87' lang='lat' dir='ltr'><strong>suos</strong></span> <span class='ocrx_word' id='word_1_169' title='bbox 417 3253 534 3320; x_wconf 86' lang='lat' dir='ltr'><strong>solitus</strong></span> <span class='ocrx_word' id='word_1_170' title='bbox 550 3252 694 3318; x_wconf 89' lang='lat' dir='ltr'><strong>recitare</strong></span> <span class='ocrx_word' id='word_1_171' title='bbox 711 3248 908 3335; x_wconf 88' lang='lat' dir='ltr'><strong>Propertius</strong></span> <span class='ocrx_word' id='word_1_172' title='bbox 924 3249 1037 3338; x_wconf 87' lang='lat' dir='ltr'><strong>ignes,</strong></span> <span class='ocrx_word' id='word_1_173' title='bbox 1207 3283 1245 3340; x_wconf 77' lang='lat'><strong>43</strong></span> 
     </span>
     <span class='ocr_line' id='line_1_29' title="bbox 230 3357 923 3450; baseline -0.01 -23"><span class='ocrx_word' id='word_1_174' title='bbox 230 3363 314 3450; x_wconf 88' lang='lat' dir='ltr'><strong>Jure</strong></span> <span class='ocrx_word' id='word_1_175' title='bbox 330 3359 494 3428; x_wconf 89' lang='lat' dir='ltr'><strong>sodalicio</strong></span> <span class='ocrx_word' id='word_1_176' title='bbox 510 3359 567 3446; x_wconf 91' lang='lat' dir='ltr'><strong>qui</strong></span> <span class='ocrx_word' id='word_1_177' title='bbox 585 3357 669 3423; x_wconf 88' lang='lat' dir='ltr'><strong>mihi</strong></span> <span class='ocrx_word' id='word_1_178' title='bbox 681 3357 820 3447; x_wconf 90' lang='lat' dir='ltr'><strong>junctus</strong></span> <span class='ocrx_word' id='word_1_179' title='bbox 838 3367 923 3422; x_wconf 89' lang='lat' dir='ltr'><strong>erat.</strong></span> 
     </span>
     <span class='ocr_line' id='line_1_30' title="bbox 189 3462 1062 3553; baseline -0.003 -19"><span class='ocrx_word' id='word_1_180' title='bbox 189 3469 352 3535; x_wconf 90' lang='lat' dir='ltr'><strong>Ponticus</strong></span> <span class='ocrx_word' id='word_1_181' title='bbox 369 3470 487 3542; x_wconf 83' lang='lat' dir='ltr'><strong>heroii,</strong></span> <span class='ocrx_word' id='word_1_182' title='bbox 505 3465 635 3531; x_wconf 87' lang='lat' dir='ltr'><strong>Bassus</strong></span> <span class='ocrx_word' id='word_1_183' title='bbox 651 3488 788 3553; x_wconf 91' lang='lat' dir='ltr'><strong>quoque</strong></span> <span class='ocrx_word' id='word_1_184' title='bbox 807 3466 921 3531; x_wconf 90' lang='lat' dir='ltr'><strong>clarus</strong></span> <span class='ocrx_word' id='word_1_185' title='bbox 938 3462 1062 3531; x_wconf 87' lang='lat' dir='ltr'><strong>iambis</strong></span> 
     </span>
     <span class='ocr_line' id='line_1_31' title="bbox 235 3572 933 3642; baseline -0.007 0"><span class='ocrx_word' id='word_1_186' title='bbox 235 3576 360 3642; x_wconf 91' lang='lat' dir='ltr'><strong>Dulcia</strong></span> <span class='ocrx_word' id='word_1_187' title='bbox 378 3573 553 3639; x_wconf 89' lang='lat' dir='ltr'><strong>convictus</strong></span> <span class='ocrx_word' id='word_1_188' title='bbox 569 3572 724 3637; x_wconf 91' lang='lat' dir='ltr'><strong>membra</strong></span> <span class='ocrx_word' id='word_1_189' title='bbox 741 3572 836 3638; x_wconf 86' lang='lat' dir='ltr'><strong>suere</strong></span> <span class='ocrx_word' id='word_1_190' title='bbox 854 3575 933 3639; x_wconf 89' lang='lat' dir='ltr'><strong>mei.</strong></span> 
     </span>
     <span class='ocr_line' id='line_1_32' title="bbox 190 3677 1035 3759; baseline -0.002 -10"><span class='ocrx_word' id='word_1_191' title='bbox 190 3683 233 3748; x_wconf 89' lang='lat' dir='ltr'><strong>Et</strong></span> <span class='ocrx_word' id='word_1_192' title='bbox 250 3682 356 3748; x_wconf 90' lang='lat' dir='ltr'><strong>tenuit</strong></span> <span class='ocrx_word' id='word_1_193' title='bbox 371 3686 503 3745; x_wconf 80' lang='lat' dir='ltr'><strong>nostras</strong></span> <span class='ocrx_word' id='word_1_194' title='bbox 519 3699 723 3743; x_wconf 88' lang='lat' dir='ltr'><strong>numerosus</strong></span> <span class='ocrx_word' id='word_1_195' title='bbox 742 3677 903 3746; x_wconf 90' lang='lat' dir='ltr'><strong>Horatius</strong></span> <span class='ocrx_word' id='word_1_196' title='bbox 921 3703 1035 3759; x_wconf 90' lang='lat' dir='ltr'><strong>aures,</strong></span> 
     </span>
     <span class='ocr_line' id='line_1_33' title="bbox 235 3782 1250 3876; baseline -0.001 -22"><span class='ocrx_word' id='word_1_197' title='bbox 235 3791 326 3854; x_wconf 89' lang='lat' dir='ltr'><strong>Dum</strong></span> <span class='ocrx_word' id='word_1_198' title='bbox 344 3786 420 3852; x_wconf 82' lang='lat' dir='ltr'><strong>serit</strong></span> <span class='ocrx_word' id='word_1_199' title='bbox 435 3782 592 3849; x_wconf 89' lang='lat' dir='ltr'><strong>Ausonia</strong></span> <span class='ocrx_word' id='word_1_200' title='bbox 608 3783 762 3849; x_wconf 84' lang='lat' dir='ltr'><strong>carmina</strong></span> <span class='ocrx_word' id='word_1_201' title='bbox 780 3787 870 3851; x_wconf 91' lang='lat' dir='ltr'><strong>culta</strong></span> <span class='ocrx_word' id='word_1_202' title='bbox 888 3787 976 3874; x_wconf 89' lang='lat' dir='ltr'><strong>lyra.</strong></span> <span class='ocrx_word' id='word_1_203' title='bbox 1212 3821 1250 3876; x_wconf 80' lang='lat'><strong>50</strong></span> 
     </span>
     <span class='ocr_line' id='line_1_34' title="bbox 189 3890 1009 3982; baseline 0 -21"><span class='ocrx_word' id='word_1_204' title='bbox 189 3894 383 3982; x_wconf 87' lang='lat' dir='ltr'><strong>Vergilium</strong></span> <span class='ocrx_word' id='word_1_205' title='bbox 394 3890 463 3956; x_wconf 89' lang='lat' dir='ltr'><strong>vidi</strong></span> <span class='ocrx_word' id='word_1_206' title='bbox 476 3899 628 3962; x_wconf 89' lang='lat' dir='ltr'><strong>tantum;</strong></span> <span class='ocrx_word' id='word_1_207' title='bbox 653 3909 718 3953; x_wconf 91' lang='lat' dir='ltr'><strong>nec</strong></span> <span class='ocrx_word' id='word_1_208' title='bbox 734 3908 853 3956; x_wconf 88' lang='lat' dir='ltr'><strong>amara</strong></span> <span class='ocrx_word' id='word_1_209' title='bbox 868 3892 1009 3962; x_wconf 90' lang='lat' dir='ltr'><strong>Tibullo</strong></span> 
     </span>
     <span class='ocr_line' id='line_1_35' title="bbox 234 3992 933 4085; baseline -0.003 -20"><span class='ocrx_word' id='word_1_210' title='bbox 234 4001 389 4085; x_wconf 91' lang='lat' dir='ltr'><strong>Tempus</strong></span> <span class='ocrx_word' id='word_1_211' title='bbox 406 3992 575 4060; x_wconf 88' lang='lat' dir='ltr'><strong>amicitiae</strong></span> <span class='ocrx_word' id='word_1_212' title='bbox 592 3993 661 4058; x_wconf 83' lang='lat' dir='ltr'><strong>fata</strong></span> <span class='ocrx_word' id='word_1_213' title='bbox 676 3994 804 4061; x_wconf 90' lang='lat' dir='ltr'><strong>dedere</strong></span> <span class='ocrx_word' id='word_1_214' title='bbox 820 4019 933 4065; x_wconf 89' lang='lat' dir='ltr'><strong>meae.</strong></span> 
     </span>
    </p>
   </div>
   <div class='ocr_carea' id='block_1_5' title="bbox 0 0 1393 4467">
    <p class='ocr_par' dir='ltr' id='par_1_7' title="bbox 0 0 1393 4467">
     <span class='ocr_line' id='line_1_36' title="bbox 0 0 1393 4467; baseline 0 0"><span class='ocrx_word' id='word_1_215' title='bbox 0 0 1393 4467; x_wconf 95' lang='lat' dir='ltr'><strong> </strong></span> 
     </span>
    </p>
   </div>
  </div>
 </body>
</html>
