2767 4467
166 309 323 381 XV·139·]
345 288 421 356 The
449 288 549 359 Guilt
571 289 645 356 arrd
671 287 814 376 Cruelty
838 287 886 374 qs
900 285 1109 360 Bloodshed.
1160 305 1225 375 139

166 487 243 555 fecit
258 487 326 553 iter
341 486 480 553 sceleri.
527 485 713 573 Primaque
730 505 749 551 e
766 483 872 552 caede
889 482 1039 560 serarum

166 594 352 661 incaluisse
368 602 487 679 putem
503 591 713 664 maculatum
730 589 899 678 sanguine
916 589 1055 658 serrum.

166 701 268 788 idque
285 699 369 766 satis
385 699 515 768 fuerat:
540 710 762 784 nostrumque
778 695 929 784 petentia
945 697 1051 764 letum

165 827 313 892 corpora
329 804 436 872 missa
452 804 529 871 neci
545 804 642 870 salva
658 803 783 890 pietate
800 802 968 880 fatemur3

164 913 227 980 sed
242 933 350 1000 quam
365 910 483 978 danda
499 910 589 986 neci,
607 921 678 976 tam
694 931 764 980 non
781 910 956 995 epulanda
973 911 1121 980 suemnt.
1172 945 1221 986 110

210 1030 219 1060 ‘
235 1017 398 1104 Longius
412 1017 495 1084 inde
511 1015 609 1085 nefas
625 1016 721 1092 abiit,
740 1025 774 1085 et
789 1015 901 1102 prima
918 1029 1053 1104 putatur

164 1125 276 1191 hostia
292 1146 351 1190 sus
367 1123 534 1190 meruisse
550 1123 649 1198 mori,
667 1122 749 1209 quia
766 1122 898 1196 semina
914 1125 1031 1210 pando

163 1231 291 1297 eruerit
306 1241 430 1305 rostro,
448 1250 614 1316 spemque
632 1228 851 1315 interceperit
867 1231 961 1298 anni.

165 1337 231 1403 vite
248 1358 355 1424 caper
371 1356 485 1402 morsa
500 1334 635 1403 Bacchi
651 1336 863 1406 mactandus,
875 1338 924 1409 ad.
935 1359 1013 1406 aras

163 1443 300 1510 ducitur
316 1443 458 1510 ultoris:
481 1441 597 1508 nocuit
613 1460 677 1509 sua
693 1443 798 1529 culpa
814 1445 959 1514 duobus.
1170 1479 1218 1537 1¹5

162 1550 246 1638 quid
264 1548 450 1626 meruistis,
468 1569 564 1625 oves,
582 1547 759 1634 placidum
776 1572 896 1642 pecus,
913 1551 1016 1640 inque
1033 1554 1178 1621 tuendos

162 1669 283 1723 natum
298 1656 470 1732 homines,
488 1656 594 1742 pleno
607 1677 698 1743 quae
714 1657 808 1732 sertis
823 1658 858 1724 in
874 1659 979 1725 ubere
995 1669 1125 1736 nectar,

161 1764 281 1830 mollia
296 1783 387 1850 quae
404 1762 503 1829 nobis
519 1773 653 1838 vestras
666 1763 841 1834 velamina
857 1765 955 1834 lanas

161 1870 348 1958 praebetis,
366 1869 506 1957 vitaque
522 1870 650 1958 magis,
668 1889 772 1958 quam
791 1881 898 1938 morte
911 1869 1060 1960 juvatis?

161 1977 242 2065 quid
260 1999 420 2048 meruere
435 1977 555 2054 boves,
574 1977 705 2045 animal
721 1977 796 2044 sine
811 1977 932 2046 fraude
947 1977 1118 2067 dolisque,
1168 2012 1217 2052 120

161 2084 363 2160 innocuum,
382 2084 544 2170 simplex,
562 2095 680 2155 natum
697 2085 842 2150 tolerare
858 2083 1015 2152 labores?

161 2191 343 2258 immemor
357 2202 410 2258 est
424 2192 578 2267 demum,
595 2211 663 2259 nec
677 2190 816 2278 frugum
833 2211 974 2258 munere
991 2191 1130 2280 dignus,

161 2299 218 2385 qui
235 2298 345 2384 potuit
360 2297 457 2364 curvi
474 2298 614 2384 dempto
630 2298 733 2366 modo
749 2298 901 2382 pondere
918 2298 1020 2365 aratri

161 2405 347 2473 ruricolam
365 2415 517 2472 mactare
533 2426 649 2480 suum,
666 2403 726 2491 qui
743 2404 819 2470 trita
836 2404 953 2472 labore

161 2512 234 2588 illa,
250 2512 377 2600 quibus
393 2512 517 2579 totiens
534 2510 660 2577 durum
676 2520 903 2578 renovaverat
918 2530 1052 2588 arvum,
1166 2543 1213 2600 ¹25

162 2619 363 2686 condiderat
378 2639 523 2693 messes,
543 2617 712 2703 percussit
728 2617 817 2686 colla
833 2617 957 2683 securi.

206 2724 310 2792 ‘Nec
325 2725 409 2792 satis
424 2734 487 2801 est,
505 2725 597 2812 quod
613 2723 683 2790 tale
698 2723 796 2789 nefas
812 2722 1049 2792 committitur:
1076 2725 1169 2811 ipsos

159 2831 366 2918 inscripsere
382 2832 466 2898 deos
483 2830 617 2907 sceleri,
636 2850 835 2917 numenque
851 2850 1037 2915 supernum

159 2941 268 3005 caede
283 2937 457 3007 laboriferi
473 2939 626 3008 credunt
632 2938 787 3027 gaudere
800 2936 952 3025 juvenci.

159 3047 297 3112 victima
315 3046 393 3112 labe
410 3067 533 3114 carens
549 3056 582 3114 et
598 3043 891 3133 praestantissima
908 3043 1018 3110 forma
1031 3083 1076 3096 -
1166 3079 1215 3132 130

158 3173 240 3217 nam
257 3153 431 3239 placuisse
446 3152 704 3220 nocet—vittis
721 3149 914 3238 praesignis
931 3160 964 3218 et
979 3171 1064 3216 auro

159 3260 286 3324 sistitur
302 3270 382 3325 ante
398 3281 490 3336 aras,
509 3260 669 3346 auditque
685 3259 809 3350 ignara
827 3266 1039 3343 precantem,

157 3362 357 3454 imponique
374 3388 458 3433 suae
473 3367 567 3433 videt
581 3368 668 3435 inter
683 3387 813 3434 cornua
830 3363 932 3432 sronti

158 3492 244 3557 quas
260 3472 378 3548 coluit,
396 3473 527 3562 fruges,
545 3496 779 3563 percussaque
796 3472 968 3563 sanguine
984 3472 1111 3538 cultros

158 3577 265 3645 inficit
279 3579 316 3644 in
333 3579 464 3666 liquida
480 3583 657 3666 praevisos
672 3582 814 3648 forsitan
831 3583 937 3648 unda.
1164 3608 1210 3662 135

158 3686 311 3770 protinus
327 3697 463 3774 ereptas
479 3687 605 3753 viventi
622 3699 759 3774 pectore
775 3689 880 3756 fibras

158 3789 356 3877 inspiciunt,
376 3805 575 3879 mentesque
591 3794 693 3860 deum
710 3806 904 3861 scrutantur
919 3795 954 3862 in
971 3795 1050 3863 illis.

157 3899 249 3964 unde
265 3898 378 3964 sames
394 3899 524 3965 homini
540 3898 718 3964 vetitorum
734 3909 828 3965 tanta
844 3901 995 3967 ciborum
1015 3901 1087 3968 est?

159 4005 291 4073 audetis
306 4004 416 4081 vesci,
434 4026 545 4092 genus
561 4004 595 4069 Ο
611 4001 776 4068 mortale?
800 4007 891 4087 qued
912 4007 1008 4087 (oro)
