2767 4467
136 279 222 336 v111.
238 281 316 352 545]
455 262 595 330 :Dealh
618 262 666 348 os
677 260 875 350 Meleager.

136 459 291 548 ignibus,
309 481 352 526 ac
368 481 518 548 magnos
534 469 673 546 superat
687 457 810 524 virtute
827 458 974 526 dolores.

137 567 230 654 quod
245 578 365 632 tamen
381 567 512 654 ignavo
526 567 628 632 cadat
643 576 677 631 et
690 565 765 631 sine
782 566 953 654 sanguine
967 566 1048 645 leto,

139 683 283 749 maeret,
302 686 336 739 et
350 671 487 739 Ancaei
504 672 617 738 felicia
633 671 778 737 vulnera
793 671 893 748 dicit3

140 779 450 867 grandaevumque
466 789 598 865 patrem
616 777 804 866 fratresque
820 775 964 866 piasque
981 800 1113 847 sorores
1142 813 1194 870 5²0

140 905 221 949 cum
237 886 382 972 gemitu,
401 885 598 972 sociamque
614 882 677 950 tori
693 895 795 950 vocat
809 905 867 950 ore
884 906 1065 971 supremo;

138 989 282 1057 forsitan
298 1001 332 1056 et
349 1001 504 1056 matrem.
552 989 723 1057 Crescunt
738 989 896 1078 ignisque
913 991 1090 1080 dolorque,

139 1097 440 1185 languescuntque
455 1097 598 1163 iterum:
622 1095 725 1162 simul
742 1106 794 1164 est
808 1097 995 1164 exstinctus
1011 1109 1165 1187 uterque,

139 1201 244 1288 inque
260 1203 356 1269 leves
372 1202 455 1268 abiit
469 1202 635 1289 paulatim
652 1201 791 1289 spiritus
808 1223 911 1271 auras

138 1308 308 1394 paulatim
324 1331 414 1374 cana
429 1330 575 1396 prunam
591 1310 728 1375 velante
745 1308 874 1376 favilla.
1142 1341 1192 1400 5²5

183 1413 269 1480 Alta
281 1415 376 1505 jacet
391 1415 575 1504 Calydona
599 1417 720 1504 lugent
731 1415 943 1505 juvenesque
959 1438 1141 1508 senesque,

56 1556 59 1564 ·
138 1523 336 1609 vulgusque
353 1543 582 1609 proceresque
598 1533 756 1610 gemunt,
773 1522 969 1612 scissaeque
986 1525 1130 1612 capillos

138 1628 355 1716 planguntur
371 1640 496 1695 matres
513 1627 750 1715 Calydonides
766 1627 957 1697 Eueninae.

139 1735 286 1819 pulvere
302 1734 464 1800 canitiem
481 1735 617 1824 genitor
632 1734 813 1823 vultusque
829 1735 955 1804 seniles

138 1839 256 1906 foedat
272 1841 369 1909 humi
385 1841 495 1918 fusus,
513 1841 769 1928 spatiosumque
786 1841 940 1929 increpat
955 1864 1092 1912 aevum.

139 1965 221 2009 nam
239 1944 283 2010 de
300 1954 408 2010 matre
425 1967 548 2011 manus
564 1943 629 2010 diri
647 1944 712 2010 sibi
728 1946 865 2013 conscia
882 1946 963 2014 facti
1142 1979 1194 2038 530

139 2050 259 2138 exegit
274 2072 419 2136 poenas,
438 2063 514 2116 acto
530 2071 593 2137 per
608 2051 741 2117 viscera
759 2051 856 2117 ferro.

138 2178 208 2222 non
226 2157 312 2222 mihi
327 2157 357 2223 si
374 2168 510 2224 centum
527 2158 613 2224 deus
631 2179 693 2224 ora
710 2159 865 2226 sonantia
881 2159 1022 2248 linguis,

81 2317 85 2326 .
137 2265 388 2356 ingeniumque
404 2287 530 2352 capax,
549 2277 724 2354 totumque
743 2265 912 2334 Helicona
930 2268 1093 2347 dedisset,

136 2374 245 2440 tristia
262 2396 491 2463 persequerer
508 2373 710 2440 miserarum
727 2373 817 2440 dicta
834 2396 1002 2440 sororum.

136 2481 349 2548 inmemores
366 2483 500 2548 decoris
517 2480 657 2547 liventia
674 2494 813 2567 pectora
829 2483 995 2558 tundunt;
1144 2517 1194 2574 535

135 2592 290 2678 dumque
307 2602 423 2658 manet
438 2614 575 2678 corpus,
592 2614 716 2680 corpus
732 2593 952 2680 refoventque
969 2594 1171 2680 foventque3
1285 2658 1291 2674 ,

136 2698 257 2762 oscula
274 2698 359 2763 dant
373 2698 453 2784 ipsi,
472 2700 581 2785 posito
599 2701 683 2765 dant
698 2700 819 2765 oscula
835 2699 943 2776 lectos

136 2815 215 2891 post
232 2804 384 2869 cinerem
402 2804 536 2872 cineres
551 2807 693 2872 haustos
711 2806 756 2872 ad
772 2817 909 2892 pectora
925 2819 1102 2894 pressant;

138 2912 353 2999 adfusaeque
366 2911 486 3000 jacent
500 2914 644 2990 tumulo,
663 2912 866 3002 signataque
883 2936 968 2982 saxu

137 3017 281 3084 nomina
298 3019 503 3103 complexae
518 3019 680 3085 lacrimas
692 3019 731 3086 in
749 3020 888 3088 nomina
905 3021 1063 3088 fundunt.
1141 3055 1192 3112 540

137 3145 226 3210 quas
242 3122 476 3189 Parthaoniae
490 3125 630 3190 tandem
646 3124 794 3192 Latonia
810 3127 908 3194 clade
995 3183 997 3191 .

139 3227 307 3294 exsatiata
323 3230 461 3305 domus,
479 3242 613 3314 praeter
628 3229 840 3319 Gorgenque
855 3254 1048 3322 nurumque

138 3334 263 3400 nobilis
279 3334 488 3411 Alcmenae,
501 3335 594 3401 'natis
609 3335 646 3400 in
661 3357 804 3422 corpore
820 3338 941 3422 pennis
958 3373 961 3376 ·

140 3438 277 3515 allevat,
296 3452 331 3505 et
345 3441 470 3527 longas
486 3462 548 3526 per
562 3441 725 3508 bracchia
743 3442 885 3530 porrigit
900 3445 988 3519 alas,

139 3565 334 3633 corneaque
350 3567 412 3613 ora
429 3545 522 3624 facit,
538 3567 724 3634 versasque
740 3569 801 3634 per
818 3553 898 3614 aira
915 3548 1024 3614 mittit.
1140 3581 1190 3637 545
