2767 4467
171 285 236 370 178
543 285 693 352 Skorter
715 286 852 352 Poems.
1085 299 1242 370 [Tmsrra.

170 481 306 569 Perque
325 501 434 548 novos
450 491 571 567 pontes
588 482 704 548 subter
719 481 914 547 labentibus
929 478 1032 545 undis

217 589 359 653 Ducunt
375 585 558 651 Sarmatici
575 587 722 652 barbara
740 587 892 672 plaustra
909 587 1028 650 boves

169 695 241 760 Vix
257 694 417 782 equidem
438 693 581 757 credarz
605 692 667 757 sed
684 713 764 757 cum
781 692 848 758 sint
864 690 1018 777 praemia
1035 688 1115 755 salsi
1196 720 1235 777 35

216 801 336 877 Nulla,
355 812 463 865 ratam
483 799 584 864 debet
600 798 694 863 testis
711 799 838 864 habere
855 799 971 862 fidem.

172 908 331 974 Vidimus
347 907 523 995 ingentem
542 903 656 992 glacie
673 904 859 970 consistere
876 914 1032 990 pontum,

216 1014 436 1101 Lubricaque
453 1013 599 1077 inmotas
618 1021 704 1076 testa
721 1005 897 1096 premebat
913 1030 1035 1096 aquas.

172 1121 250 1187 Nec
265 1120 391 1187 vidisse
408 1131 460 1186 sat
475 1130 546 1186 est:
572 1117 696 1183 durum
714 1116 925 1181 calcavimus
942 1134 1083 1203 aequor,

217 1228 389 1314 Undaque
405 1249 473 1292 non
489 1227 559 1292 udo
575 1224 639 1290 sub
655 1222 744 1308 pede
762 1243 895 1287 summa
913 1222 987 1288 fuit.

171 1333 209 1399 Si
228 1334 286 1399 tibi
303 1335 370 1399 tale
387 1333 509 1398 fretum
525 1331 713 1419 quondam,
732 1327 908 1404 Leandre‚
927 1327 1057 1404 suisset,

217 1439 298 1505 Non
316 1439 401 1505 foret
417 1449 585 1526 angustae
601 1459 693 1503 mors
709 1446 767 1500 tua
785 1435 916 1500 crimen
933 1454 1056 1522 aquae.

172 1544 264 1610 Tum
283 1567 394 1633 neque
410 1566 447 1610 se
463 1545 569 1631 pandi
585 1554 729 1630 possunt
745 1541 927 1627 delphines
943 1540 979 1606 in
996 1560 1100 1607 auras

216 1650 376 1716 Tollere:
400 1662 564 1717 conantes
580 1651 665 1716 dura
683 1653 821 1716 coercet
837 1647 960 1714 hiems.

172 1757 216 1822 Et
231 1758 388 1845 quamvis
405 1757 535 1824 Boreas
547 1757 683 1848 jactatis
699 1758 834 1823 insonet
850 1756 928 1832 alis,

217 1865 358 1930 Fluctus
387 1863 423 1928 in
450 1866 590 1930 obsesso
606 1864 743 1952 gurgite
759 1863 875 1928 nullus
893 1861 956 1929 erit
966 1884 976 1937 ;

172 1972 397 2060 Inclusaeque
414 1974 495 2060 gelu
512 1972 661 2047 stabunt,
679 1983 716 2036 ut
733 1991 916 2046 marmore,
935 1990 1084 2056 puppes,

218 2078 295 2143 Nec
311 2078 432 2164 poterit
448 2078 579 2165 rigidas
596 2078 726 2143 findere
743 2099 859 2143 remus
877 2097 997 2164 aquas.

172 2185 332 2250 Vidimus
348 2184 383 2248 in
401 2185 512 2272 glacie
528 2184 640 2270 pisces
657 2185 800 2249 haerere
817 2183 955 2271 ligatos,

219 2291 289 2357 Sed
307 2312 386 2377 pars
402 2312 447 2357 ex
463 2291 530 2356 illis
546 2302 627 2356 tunc
642 2312 779 2377 quoque
795 2289 874 2355 viva
890 2290 962 2356 suit.

173 2397 254 2464 Sive
271 2397 374 2486 igitur
390 2397 486 2462 nimii
503 2396 635 2462 Boreae
651 2396 704 2461 vis
721 2417 826 2462 saeva
842 2398 1006 2474 marinas,

125 2521 128 2526 ·
219 2504 302 2570 Sive
318 2504 527 2569 redundatas
542 2500 683 2568 flumine
700 2503 793 2590 cogit
811 2524 931 2592 aquas,

172 2611 344 2685 Protinus,
362 2622 508 2698 aequato
524 2609 625 2675 siccis
641 2610 859 2698 aquilonibus
877 2611 1008 2688 Histro,

218 2718 394 2782 Invehitur
410 2715 514 2782 celeri
530 2716 699 2782 barbarus
716 2717 822 2782 hostis
839 2739 948 2804 equo:

174 2825 291 2889 Hostis
307 2845 395 2910 equo
412 2824 547 2908 pollens
563 2824 736 2910 longeque
751 2824 889 2890 volante
904 2824 1029 2914 sagitta

216 2929 378 2995 Vicinam
395 2929 462 2994 late
479 2930 708 3016 depopulatur
725 2931 880 2996 humum.

172 3036 369 3132 Diffugiunt
384 3035 456 3111 alii,
474 3036 646 3122 nullisque
662 3036 834 3103 tuentibus
851 3058 954 3126 agros

217 3143 447 3210 Incustoditae
466 3143 671 3229 diripiuntur
685 3165 791 3229 opes3

172 3250 278 3336 Ruris
294 3272 378 3336 opes
394 3271 535 3337 parvae,
554 3271 661 3336 pecus
677 3260 710 3316 et
726 3250 902 3317 stridentia
917 3251 1085 3337 plaustra,

218 3356 261 3422 Et
277 3378 363 3444 quas
381 3357 517 3423 divitias
533 3356 646 3422 incola
663 3378 795 3443 pauper
811 3358 925 3424 habet.

172 3463 259 3528 Pars
276 3464 390 3551 agitur
404 3463 527 3529 vinctis
543 3473 622 3549 post
636 3474 773 3550 tergum
788 3475 889 3548 capta
905 3464 1056 3542 lacertis,

218 3570 424 3655 Respiciens
439 3570 565 3634 frustra
580 3589 660 3634 rura
676 3570 852 3656 laremque
869 3592 990 3646 suum3

173 3676 260 3741 Pars
276 3677 367 3741 cadit
383 3674 530 3740 hamatis
548 3675 671 3742 misere
688 3676 826 3742 confixa
841 3677 995 3764 sagittis3

219 3782 312 3847 Nam
329 3782 460 3847 volucri
477 3781 567 3846 ferro
584 3781 714 3846 tinctile
729 3781 823 3848 virus
839 3782 939 3848 inest.

176 3887 278 3973 Qrae
294 3899 468 3975 nequeunt
484 3908 601 3953 secum
618 3888 707 3953 serre
724 3899 783 3954 aut
799 3889 984 3967 abducere,
1003 3891 1165 3978 perdunt,
1197 3913 1236 3982 65

220 3994 264 4060 Et
280 4005 409 4060 cremat
424 3992 580 4058 insontes.
592 3992 723 4060 hostica
738 3994 879 4061 flamma
896 4017 1008 4062 casas.
