2767 4467
223 280 265 346 16
415 298 441 343 1.
474 260 545 344 The
573 276 738 343 Creatz'on
762 275 836 341 and
856 275 913 341 the
934 274 1062 341 Flood.
1127 262 1276 363 [Mareu.
1374 229 1376 238 Ι

221 496 324 563 quam
343 495 525 542 commune
542 473 625 538 mihi
642 494 754 561 genus
771 483 805 537 et
820 471 984 557 patruelis
1001 471 1114 559 origo,

221 582 345 648 deinde
362 593 455 647 torus
468 582 593 669 junxit,
612 600 705 643 nunc
721 580 796 663 ipsa
814 578 967 663 pericula
980 578 1152 665 jungunt:

220 698 401 763 terrarum,
420 707 655 773 quascumque
672 685 790 749 vident
805 705 949 750 occasus
967 697 1000 751 et
1015 697 1121 760 ortuS,

221 814 284 858 nos
300 793 368 858 duo
384 792 482 856 turba
500 814 637 865 sumus;
664 791 815 877 possedit
831 801 944 855 cetera
962 801 1097 876 pontus.
1224 821 1277 879 355

221 900 309 965 haec
325 919 461 986 quoque
479 898 592 962 adhuc
607 897 697 962 vitae
715 919 783 962 non
800 908 851 962 est
866 881 992 962 fiducia
1009 909 1145 963 nostrae

222 1016 314 1070 certa
331 1004 433 1077 satis;
458 1014 585 1068 terrent
602 1003 702 1068 etiam
720 1022 812 1067 nunc
828 1003 947 1067 nubila
964 1014 1125 1069 mentem.

221 1110 303 1198 quid
320 1109 393 1186 tibi,
412 1110 440 1175 si
458 1109 531 1175 sine
549 1130 603 1174 me
620 1109 698 1173 fatis
715 1120 830 1192 erepta
848 1109 983 1190 fuisses,
1029 1122 1032 1127 '

221 1238 315 1282 nunc
331 1215 448 1292 animi,
468 1216 676 1289 miseranda,
696 1214 803 1280 foret?
826 1237 894 1302 quo
911 1216 984 1281 sola
1000 1216 1156 1283 timorem

221 1324 310 1389 serre
327 1324 428 1389 modo
444 1321 585 1408 posses?
602 1344 671 1409 quo
688 1323 886 1387 consolante
904 1322 1060 1389 doleres?
1224 1341 1278 1409 360

221 1449 371 1516 namque
388 1450 469 1516 ego,
488 1429 589 1494 crede
607 1427 705 1504 mihi,
724 1429 801 1493 site
818 1450 954 1516 quoque
971 1440 1094 1515 pontus
1110 1430 1265 1507 haberet,

222 1547 255 1603 te
272 1556 445 1623 sequerer,
465 1535 628 1622 conjunX‚
648 1544 680 1598 et
697 1539 753 1599 me'
770 1556 905 1622 quoque
917 1525 1046 1622 'pontus
1062 1538 1216 1602 haberet.

222 1642 256 1708 Ο
271 1642 401 1707 utinam
418 1640 546 1728 possim
563 1640 710 1725 populos
727 1657 888 1727 reparare
905 1643 1056 1728 paternis

223 1749 363 1824 artibus
383 1759 484 1835 atque
502 1746 635 1811 animas
652 1747 820 1812 formatae
837 1746 1016 1814 infundere
1032 1748 1164 1814 terrae!

222 1874 315 1920 nunc
326 1870 442 1942 'genus
459 1855 493 1918 in
511 1852 608 1918 nobis
625 1864 729 1917 restat
745 1854 887 1919 mortale
905 1855 1060 1920 duobus:
1223 1872 1275 1942 365

223 1962 273 2027 sic
288 1960 399 2026 visum
413 1960 566 2045 superis3
592 1957 838 2048 hominumque
856 1962 1017 2046 exempla
1034 1962 1240 2028 manemus!

268 2067 425 2142 Dixerat,
444 2076 476 2131 et
492 2066 621 2131 flebant
631 2088 639 2141 3
666 2066 796 2152 placuit
812 2066 959 2131 caeleste
976 2068 1110 2151 precari

222 2196 364 2250 numen,
383 2185 416 2250 et
432 2175 596 2238 auxilium
615 2196 676 2259 per
694 2196 810 2241 sacras
827 2195 992 2261 quaerere
1009 2188 1129 2242 sortes.

222 2282 318 2346 nulla
335 2301 430 2345 mora
447 2291 517 2354 est3
543 2281 670 2346 adeunt
686 2281 812 2365 pariter
827 2280 1034 2366 Cephisidas
1050 2283 1174 2360 undas,

222 2398 260 2453 ut
275 2387 426 2452 nondum
445 2386 604 2472 liquidae,
625 2387 674 2451 sic
686 2386 760 2474 jam
776 2388 866 2453 vada
883 2397 963 2453 nota
979 2398 1148 2454 secantes.
1224 2421 1276 2476 370

223 2493 304 2558 inde
320 2492 378 2557 ubi
395 2492 516 2557 libatos
534 2492 728 2567 inroravere
745 2493 894 2579 liquores
1141 2478 1144 2484 ’

223 2599 373 2666 vestibus
390 2608 422 2663 et
438 2598 554 2684 capiti,
571 2596 712 2662 flectunt
727 2599 874 2686 vestigia
889 2610 1028 2667 sanctae
1067 2655 1069 2658 .

224 2707 268 2772 ad
285 2706 428 2771 delubra
445 2706 544 2781 deae,
563 2726 708 2791 quorum
725 2705 861 2794 fastigia
878 2707 968 2792 turpi

223 2812 400 2899 pallebant
415 2828 546 2889 musco,
563 2811 766 2897 stabantque
783 2812 856 2877 sine
873 2813 1012 2899 ignibus
1029 2836 1123 2882 arae.

222 2930 260 2984 ut
274 2917 391 3002 templi
408 2917 549 3003 tetigere
563 2918 705 3003 gradus,
724 2918 917 3002 procumbit
932 2931 1073 3007 uterque
1223 2953 1275 3011 375

224 3045 352 3111 pronus
368 3022 476 3098 humi,
496 3024 679 3111 gelidoque
696 3043 827 3109 pavens
844 3025 937 3091 dedit
952 3026 1070 3101 oscula
1087 3050 1183 3095 saxo.

224 3142 326 3219 atque
342 3129 409 3194 ita:
436 3128 496 3193 ‘Si
513 3130 672 3215 precibus
685 3131 695 3159 '
710 3132 870 3197 dixerunt
887 3144 895 3172 ‘
912 3133 1053 3197 numina
1066 3134 1166 3222 justis

223 3237 312 3302 victa
330 3236 585 3313 remollescunt,
604 3236 631 3302 si
648 3236 794 3302 flectitur
810 3237 860 3303 ira
878 3238 1034 3315 deorum,
1127 3310 1131 3315 ⁴

225 3342 293 3418 dic,
311 3342 452 3416 Themi,
470 3363 539 3428 qua
557 3343 696 3429 generis
712 3344 876 3408 damnum
895 3344 1088 3429 reparabile
1106 3346 1210 3413 nostri

225 3460 296 3514 arte
313 3448 368 3525 sit,
386 3458 419 3513 et
435 3448 555 3513 mersis
571 3450 622 3512 fer
638 3470 753 3533 opem,
772 3450 962 3527 mitissima,
981 3452 1107 3515 rebus!
1226 3472 1278 3538 380
1346 3447 1351 3453 ’

269 3554 367 3619 Mota
385 3555 449 3618 dea
466 3564 529 3627 est,
548 3564 742 3639 sortemque
755 3556 868 3621 dedit:
895 3556 1094 3622 ‘Discedite
1111 3560 1253 3645 temp10‚
1312 3563 1315 3571 '

225 3646 258 3726 et
273 3661 385 3725 velate
403 3671 517 3745 caput,
537 3660 734 3746 cinctasque
752 3661 910 3727 resolvite
926 3674 1053 3739 vestae,
1119 3734 1122 3739 ,

225 3788 372 3854 ossaque
389 3777 465 3853 post
479 3754 615 3853 tergum
632 3788 782 3853 magnae
795 3767 922 3855 jactate
939 3770 1116 3856 parentis!
1190 3788 1194 3793 ’

226 3874 431 3958 obstupuere
448 3872 518 3947 diu,
538 3873 732 3959 rumpitque
749 3873 884 3939 silentia
901 3897 987 3941 voce

226 3979 362 4068 Pyrrha
378 3978 483 4065 prior,
497 3978 669 4067 jussisque
688 3979 774 4043 deae
790 4000 912 4064 parere
928 3994 1078 4060 recusat,
1228 4006 1280 4073 385
