2767 4467
179 298 242 346 122
396 277 551 363 Rsbalry
574 275 624 361 ff
634 271 736 360 Asiam
758 269 833 336 and
860 267 1009 356 Ulysses.
1084 282 1241 354 [Morsu.

177 499 257 542 nam
274 475 360 541 mihi
376 474 521 540 Laertes
536 483 635 560 pater
650 480 714 547 est,
732 467 896 535 Arcesius
913 463 976 541 illi,

170 582 330 670 Juppiter
358 582 440 646 huic
450 603 460 656 ;
497 600 609 667 neque
636 578 672 644 in
700 577 754 642 his
781 574 961 663 quisquam
987 570 1175 636 damnatus
1206 580 1243 634 et

311 689 424 755 exsul.
1185 705 1240 761 145

176 807 228 862 est
241 817 380 883 quoque
398 817 460 882 per
477 803 622 860 matrem
638 789 819 880 Cyllenius
836 785 952 853 addita
968 785 1067 851 nobis

175 904 283 969 altera
298 903 478 968 nobilitas:
503 903 590 968 deus
606 900 708 966 estin
724 909 866 984 utroque
883 903 1037 982 parente.

189 1082 193 1087 ,
222 1009 320 1075 ‘Sed
337 1031 449 1097 neque
464 1019 621 1074 materno
636 1005 729 1094 quod
746 1025 822 1070 sum
839 999 1039 1091 generosior
1054 1008 1146 1076 ortu,

176 1137 240 1181 nec
257 1116 340 1180 mihi
356 1116 449 1203 quod
465 1126 562 1201 pater
577 1125 630 1179 est
645 1110 783 1177 fraterni
801 1107 981 1196 sanguinis
996 1106 1131 1182 insons,

176 1223 349 1308 proposita
365 1243 461 1288 arma
477 1233 577 1308 peto:
603 1218 731 1284 meritis
748 1214 931 1301 expendite
948 1233 1102 1278 causam.
1185 1239 1239 1298 ¹50

176 1329 362 1395 dummodo
378 1329 471 1415 quod
487 1329 609 1393 fratres
623 1325 796 1391 Telamon
812 1321 1006 1407 Peleusque
1023 1317 1163 1384 fuerunt

175 1435 295 1523 Ajacis
312 1435 471 1500 meritum
488 1456 557 1499 non
574 1433 628 1510 sit,
646 1453 713 1498 nec
729 1427 910 1518 sanguinis
925 1426 1024 1504 ordo,

175 1541 237 1606 sed
253 1540 386 1605 virtutis
402 1541 512 1605 honor
528 1539 646 1626 spoliis
661 1548 848 1626 quaeratur
863 1535 898 1600 in
914 1534 999 1600 istis.

175 1658 234 1710 aut
246 1647 327 1712 -si
344 1645 546 1732 proximitas
562 1645 762 1732 primusque
779 1642 960 1730 requiritur
976 1641 1132 1708 heres-

175 1765 228 1818 est
243 1754 378 1841 genitor
393 1752 532 1828 Peleus,
549 1764 602 1818 est
616 1751 772 1841 Pyrrhus
789 1752 879 1816 filius
895 1749 956 1815 illi.
1185 1777 1235 1836 ¹55

175 1861 252 1946 quis
268 1860 364 1926 locus
379 1858 504 1950 Ajaci?
526 1859 688 1925 Phthiam
706 1860 793 1923 haec
810 1857 989 1945 Scyronve
1006 1857 1174 1923 ferantur.

176 1987 241 2032 nec
256 1967 370 2031 minus
386 1977 437 2032 est
452 1965 517 2031 isto
532 1965 671 2031 Teucer
685 1964 850 2052 patruelis
867 1964 1019 2029 Achilli:

175 2095 259 2138 num
275 2072 358 2159 petit
373 2072 431 2138 ille
446 2071 583 2138 tamen?
597 2094 691 2150 num,
701 2074 729 2139 si
740 2083 846 2158 petat,
865 2071 996 2136 auferat
1012 2069 1094 2135 illa?

175 2199 260 2266 ergo
275 2200 419 2265 operum
435 2179 596 2266 quoniam
614 2181 745 2245 nudum
764 2189 937 2244 certamen
955 2178 1114 2253 habetur,

175 2287 275 2372 plura
290 2285 430 2373 quidem
446 2285 512 2351 feci
527 2306 630 2372 quam
647 2306 736 2372 quae
753 2284 1000 2370 comprendere
1017 2282 1118 2349 dictis
1182 2299 1235 2355 160

174 2391 211 2456 in
227 2403 386 2478 promptu
403 2392 487 2456 mihi
504 2392 547 2457 sit
557 2413 566 2465 ;
592 2412 706 2456 rerum
724 2402 839 2480 tamen
856 2391 976 2458 ordine
992 2390 1113 2456 ducar.

223 2497 408 2564 ‘Praescia
425 2497 558 2564 venturi
576 2496 726 2586 genitrix
742 2496 870 2563 Nereia
889 2498 946 2563 leti

175 2594 367 2670 dissimulat
383 2605 476 2670 cultu
493 2617 632 2670 natumz
656 2596 840 2689 deceperat
856 2625 990 2682 omnes,

174 2711 210 2776 in
225 2712 348 2798 quibus
365 2710 526 2800 Ajacem,
544 2721 700 2797 sumptae
718 2711 854 2776 fallacia
873 2712 986 2777 vestis.

177 2800 279 2882 arma
289 2839 356 2904 ego
373 2818 543 2893 femineis,
562 2815 716 2883 animum
735 2828 866 2882 motura
883 2817 1030 2894 virilem,
1181 2835 1231 2905 165

176 2924 347 2988 mercibus
363 2923 503 2987 inserui.
553 2922 678 3010 Neque
696 2925 811 2991 adhuc
828 2925 1020 3014 projecerat
1036 2927 1138 2992 heros
1262 2915 1267 2924 ⁸

174 3028 348 3116 virgineos
365 3028 513 3102 habitus,
531 3051 610 3094 curn
627 3051 785 3115 parmam
804 3033 1005 3119 hastamque
1021 3032 1149 3098 tenenti

173 3134 273 3201 Nate
291 3135 357 3199 dea
376 3135 485 3221 (dixi)
505 3137 572 3200 tibi
583 3158 619 3201 se
629 3139 799 3224 peritura
816 3147 998 3204 reservant

174 3241 365 3327 Pergama.
413 3241 517 3327 ‚Quid
528 3244 666 3311 dubitas
683 3247 857 3332 elegantem
874 3257 1029 3312 euertere
1051 3246 1087 3312 T
1080 3243 1232 3334 reniam?

173 3347 342 3434 injecique
361 3369 513 3424 manum,
533 3351 723 3438 fortemque
741 3351 786 3418 ad
802 3352 902 3418 fortia
919 3353 1008 3419 misi.
1179 3383 1230 3434 170

173 3475 258 3540 ergo
275 3474 380 3538 opera
397 3454 487 3521 illius
505 3477 582 3521 mea
599 3469 687 3522 sunt.
735 3458 814 3547 Ego
829 3459 1012 3546 Telephon
1029 3462 1127 3525 hasta

174 3571 386 3645 pugnantem
403 3561 542 3636 domui;
566 3562 694 3629 victum
711 3577 933 3652 orantemque
951 3567 1067 3630 refeci.

155 3717 158 3720 .
173 3666 264 3750 quod
274 3665 420 3732 Thebae
435 3668 602 3743 cecidere,
619 3691 735 3734 meum
749 3683 811 3736 est.
858 3671 919 3736 Me
933 3671 1059 3738 credite
1073 3671 1224 3745 Lesbon,

174 3792 228 3833 me
244 3771 426 3847 Tenedon,
446 3772 688 3861 Chrysenque,
707 3787 740 3841 et
755 3776 883 3852 Cillan,
902 3775 1076 3862 Apollinis
1092 3780 1209 3854 urbes,

173 3885 206 3938 et
222 3875 358 3963 Scyron
376 3877 522 3963 cepisse.
572 3878 654 3943 Mea
672 3900 840 3946 concussa
859 3893 974 3965 putate
1179 3913 1224 3970 ¹75

136 4070 140 4075 ᾖ
173 3981 397 4066 procubuisse
413 3982 486 4048 solo
502 3981 674 4068 Lyrnesia
690 3986 827 4049 moenia
843 3987 975 4051 dextra.
