2767 4467
575 293 726 363 Skoreer
748 293 884 362 Poems.
1102 312 1228 384 [Annuus

587 610 653 677 III.
701 609 873 677 Annuus.

257 810 327 862 Tne
337 808 461 861 Amores
471 803 581 859 consist
592 803 626 857 oi
633 803 711 859 three
720 803 811 858 books
824 802 857 858 of
865 803 945 858 short
956 821 1064 874 poems,
1073 821 1137 875 very
1146 802 1241 856 miscel·

204 896 320 950 laneous
335 895 364 947 in
383 893 455 948 their
473 891 607 964 subjecte,
625 891 811 958 sentimental,
825 890 1002 960 voluptuous,
1018 887 1241 959 complimentary,
1344 910 1345 974 ¹

204 1000 236 1038 or
254 982 391 1051 personal
429 979 613 1044 'ibose-here
633 979 717 1049 given
738 978 839 1032 havea
857 979 962 1046 special
984 979 1108 1043 interest,
1128 993 1158 1029 as
1174 977 1242 1028 illus·

204 1068 307 1138 trating
319 1068 366 1122 the
378 1068 469 1137 poet's
480 1065 580 1120 earlier
591 1063 754 1133 aspiration,
768 1062 823 1116 and
841 1062 889 1116 the
906 1078 982 1116 more
995 1061 1100 1134 playiul
1111 1059 1241 1130 aspectos
1345 1097 1346 1192 ¹

203 1155 248 1208 his
261 1170 352 1211 verse.

406 1380 437 1424 1.
470 1358 542 1425 Tne
563 1359 653 1425 Poet
674 1358 723 1443 ff
735 1357 890 1424 Idleness
916 1356 958 1446 (i.
980 1357 1057 1444 15).

287 1566 376 1634 UID
399 1564 497 1640 mihi,
513 1564 622 1630 Livor
637 1565 740 1641 edax,
758 1565 905 1653 ignavos
921 1563 1029 1630 obicis
1046 1585 1166 1642 annos,

333 1672 538 1760 Ingeniique
553 1693 658 1738 vocas
674 1693 816 1738 carmen
831 1672 951 1738 inertis
966 1670 1077 1761 opus?

204 1777 286 1845 Non
302 1799 358 1843 me
375 1797 468 1843 more
484 1788 633 1862 patrum,
650 1777 734 1843 dum
750 1788 887 1842 strenua
905 1777 1048 1842 sustinet
1064 1787 1158 1843 aetas
1246 1825 1248 1832 .

248 1884 407 1949 Praemia
424 1883 563 1948 militiae
579 1883 818 1969 pulverulenta
835 1883 947 1969 sequi,

203 1989 280 2056 Nec
297 2011 352 2055 me
367 1989 530 2055 verbosas
546 1990 643 2076 leges
660 1988 827 2066 ediscere,
847 2010 911 2055 nec
929 2011 985 2056 me
1233 2017 1245 2072 ς
1350 2039 1351 2117 ¹

249 2095 389 2183 Ingrato
403 2116 525 2161 vocem
542 2094 753 2180 prostituisse
769 2096 855 2161 foro.

203 2200 351 2268 Mortale
367 2213 431 2279 est,
448 2200 541 2289 quod
556 2201 705 2289 quaeris,
724 2223 833 2288 opus:
859 2203 943 2268 mihi
962 2204 1055 2269 fama
1070 2204 1228 2290 perennis
1351 2226 1352 2320 ¹

249 2307 447 2394 Quaeritur,
465 2309 501 2374 in
516 2319 585 2375 toto
604 2329 741 2394 semper
755 2319 794 2374 ut
808 2310 891 2376 orbe
909 2331 1026 2377 canar.
1351 2323 1352 2332 ’

202 2414 306 2481 Vivet
320 2414 539 2491 Maeonides,
555 2414 719 2481 Tenedos
736 2416 819 2481 dum
836 2417 936 2482 stabit
953 2428 986 2483 et
1002 2416 1077 2494 Ide,

247 2522 341 2588 Dum
357 2523 495 2608 rapidas
511 2521 638 2588 Simois
653 2522 690 2587 in
707 2543 803 2588 mare
818 2524 934 2590 volvet
950 2546 1071 2612 aquas.
1222 2557 1250 2595 ιο

201 2627 305 2696 Vivet
320 2640 353 2695 et
367 2628 556 2705 Ascraeus,
575 2630 657 2695 dum
674 2629 793 2695 mustis
810 2652 877 2696 uva
894 2633 1050 2710 tumebit,

247 2735 340 2801 Dum
357 2737 457 2801 cadet
471 2735 614 2801 incurva
631 2737 720 2802 falce
736 2749 867 2803 resecta
885 2738 1005 2806 Ceres.

202 2840 377 2908 Battiades
392 2863 529 2928 semper
545 2853 614 2907 toto
630 2844 823 2910 cantabitur
839 2847 942 2912 orbe:

248 2947 417 3036 Quamvis
433 2947 573 3034 ingenio
589 2970 657 3014 non
674 2951 777 3026 valet,
798 2965 868 3018 arte
885 2955 989 3020 valet.

200 3054 308 3118 Nulla
325 3053 521 3138 Sophocleo
537 3054 649 3119 veniet
662 3056 797 3144 jactura
816 3062 1003 3138 cothurn03

246 3160 335 3226 Cum
352 3161 424 3226 sole
440 3171 474 3226 et
490 3160 570 3225 luna
586 3183 724 3249 semper
739 3163 868 3231 Aratus
885 3169 958 3234 erit.

202 3266 293 3331 Dum
311 3268 418 3332 fallax
434 3290 566 3345 servus,
586 3270 691 3337 durus
709 3286 818 3359 pater,
836 3274 991 3359 improba
1008 3276 1088 3340 lena

244 3373 371 3438 Vivent
387 3386 420 3439 et
436 3377 595 3442 meretrix
612 3380 755 3455 blanda,
773 3379 986 3446 Menandros
1003 3381 1077 3445 erit.

201 3478 333 3544 Ennius
350 3491 421 3545 arte
438 3503 559 3548 carens
578 3485 791 3572 animosique
804 3483 933 3551 Accius
945 3489 1013 3551 oris

245 3584 417 3650 Casurum
435 3590 529 3654 nullo
546 3602 699 3675 tempore
716 3612 841 3655 nomen
859 3594 995 3656 habent.

200 3691 393 3756 Varronem
412 3696 626 3780 primamque
643 3707 750 3759 ratem
767 3717 856 3781 quae
873 3697 1002 3762 nesciet
1019 3709 1125 3774 aetas,

245 3797 433 3888 Aureaque
449 3799 602 3865 Aesonio
619 3811 717 3887 terga
733 3802 838 3886 petita
854 3801 957 3867 duci?

201 3905 367 3973 Carmina
384 3906 540 3972 sublimis
555 3916 638 3970 tunc
653 3915 733 3970 sunt
749 3907 899 3991 peritura
916 3906 1070 3986 Lucreti,

245 4011 360 4077 Exitio
376 4021 485 4075 terras
501 4028 579 4071 cum
596 4008 691 4074 dabit
705 4029 774 4074 una
792 4009 877 4074 dies.
