2767 4467
161 302 201 357 11.
217 302 295 375 3ro‚]
373 282 520 372 Appeal
539 286 587 373 of
599 286 656 353 the
677 284 796 353 Eartlr
818 294 853 352 to
881 284 1040 376 Jupiter.
1173 302 1214 374 27

159 502 264 569 quam
282 481 370 547 solet
386 502 474 558 esse,
493 482 571 559 fulb
586 504 754 570 sacraque
770 482 816 548 ita
831 504 917 550 voce
933 484 1047 550 locuta
1063 496 1135 551 est:

206 586 269 653 ‘Si
306 588 421 673 placet
452 588 529 665 hoc,
564 590 755 677 meruique,
788 589 869 676 quid
908 589 941 656 Ο
979 601 1037 656 tua
1067 591 1213 657 fulmina

296 704 447 769 cessant,

158 822 294 867 summe
311 800 436 865 deum?
461 801 563 866 liceat
578 802 749 888 periturae
764 802 893 868 viribus
909 801 1000 891 ignis
1160 825 1213 877 280

156 907 241 994 igne
258 906 370 992 perire
386 916 456 982 tu0‚
475 898 677 995 clademque
695 920 832 973 auctore
849 909 976 973 levare.

155 1014 217 1078 vix
234 1012 393 1100 equidem
410 1012 527 1079 fauces
544 1016 632 1080 haec
647 1014 723 1102 ipsa
740 1015 774 1079 in
787 1014 895 1080 verba
912 1016 1122 1087 resolvo’-.·

156 1130 330 1205 presserat
345 1140 405 1185 ora
421 1142 529 1206 vapor
539 1132 604 1170 —‘
620 1131 725 1187 tostos
742 1142 785 1186 en
803 1121 918 1206 aspice
935 1121 1059 1207 crines,¹

155 1226 262 1311 inque
278 1225 386 1290 oculis
402 1236 545 1303 tantum,
565 1237 697 1291 tantum
713 1247 816 1312 super
831 1247 891 1292 ora
907 1225 1057 1295 favillae.

156 1333 267 1397 hosne
284 1332 367 1397 mihi
384 1332 523 1409 fructus,
544 1335 637 1400 hunc
653 1332 831 1399 fertilitatis
848 1334 1014 1400 honorem
1157 1355 1208 1423 ²85

155 1438 328 1525 officiique
344 1438 463 1515 refers,
480 1441 571 1526 quod
590 1440 715 1506 adunci
732 1440 874 1505 vulnera
892 1440 994 1506 aratri

155 1556 411 1631 rastrorumque
427 1544 511 1619 sero,
529 1557 667 1633 totoque
683 1566 848 1612 exerceor
864 1566 970 1622 anno,

154 1652 247 1737 quod
264 1651 379 1736 pecori
396 1650 534 1717 frondes
551 1653 779 1738 alimentaque
797 1652 891 1719 mitia
923 1653 1041 1741 fruges

130 1820 132 1825 .
154 1758 308 1821 humano
324 1758 458 1844 generi,
476 1758 572 1825 vobis
588 1780 724 1845 quoque
741 1769 815 1825 tura
832 1758 1008 1825 ministro?

107 1855 114 1859 ’
154 1865 216 1929 sed
233 1878 347 1928 tamen
364 1864 506 1929 exitium
524 1864 577 1930 lac
594 1886 649 1930 me
667 1864 845 1939 meruisse,
862 1865 944 1952 quid
961 1868 1095 1943 undae3
1154 1902 1206 1957 ²90

153 1971 237 2058 quid
253 1971 377 2035 meruit
393 1969 519 2036 frater?
542 1993 602 2037 cur
619 1972 667 2037 illi
684 1973 807 2037 tradita
824 1984 912 2038 sorte

152 2098 305 2164 aequora
323 2077 525 2143 decrescunt
541 2089 573 2143 et
590 2080 633 2143 ab
651 2080 788 2144 aethere
805 2078 943 2167 longius
960 2078 1103 2147 absunt?

151 2184 244 2271 quod
262 2184 290 2248 si
308 2205 373 2249 nec
389 2183 515 2259 fratris,
534 2196 648 2250 necte
666 2206 743 2250 mea
761 2186 872 2272 gratia
888 2186 1012 2273 tangit,

152 2304 187 2357 at
202 2290 292 2356 caeli
310 2291 470 2356 miserere
486 2290 532 2355 tui
547 2290 555 2355 l
580 2291 805 2379 circumspice
821 2304 1023 2379 utrumque:

150 2399 261 2464 fumat
276 2410 419 2486 uterque
435 2400 554 2485 polus;
579 2420 665 2486 quos
682 2399 711 2465 si
728 2400 895 2467 vitiaverit
910 2400 1014 2489 ignis,
1153 2432 1203 2489 295

151 2507 237 2571 atria
253 2517 367 2572 vestra
383 2516 493 2573 ruent.
541 2505 642 2573 Atlas
659 2529 701 2573 en
719 2506 792 2594 ipse
808 2508 953 2584 laborat,

150 2614 278 2702 vixque
294 2616 366 2681 suis
382 2615 533 2681 humeris
548 2616 752 2682 candentem
771 2616 913 2682 sustinet
929 2636 1043 2681 axem.

151 2722 179 2787 si
197 2722 296 2796 freta,
316 2722 344 2787 si
360 2734 470 2787 terrae
489 2735 645 2809 pereunt,
663 2724 691 2789 si
710 2722 806 2811 regia
823 2723 923 2799 caeli,

150 2828 186 2892 in
204 2831 310 2895 chaos
327 2830 503 2917 antiquum
522 2830 775 2897 confundimur.
824 2830 927 2916 Eripe
943 2830 1104 2905 flammis,

151 2935 264 3024 siquid
281 2940 396 3004 adhuc
411 2920 577 3025 superest,
596 2950 630 3005 et
646 2960 760 3003 rerum
777 2939 916 3004 consule
934 2939 1114 3004 summae!
1151 2971 1202 3022 300

197 3045 341 3112 Dixerat
358 3048 444 3112 baec
461 3046 603 3112 Tellus:
628 3068 740 3133 neque
757 3046 847 3111 enim
866 3048 1010 3111 tolerare
1027 3066 1189 3130 vaporem

150 3151 292 3217 ulterius
308 3154 427 3239 potuit,
445 3175 511 3219 nec
526 3154 640 3219 dicere
658 3155 777 3239 plura3
802 3174 971 3238 suumque

149 3258 276 3323 rettulit
292 3281 330 3326 os
346 3258 381 3323 in
398 3280 435 3324 se
452 3260 679 3347 propioraque
698 3258 861 3324 Manibus
879 3269 989 3322 antra.

195 3362 243 3429 At
259 3378 355 3449 pater
370 3366 597 3451 omnipotens,
616 3387 760 3451 superos
775 3377 916 3430 testatus
932 3376 966 3429 et
981 3366 1093 3449 ipsum

82 3485 87 3493 ’
149 3470 207 3556 qui
224 3472 365 3536 dederat
382 3494 514 3547 currus
534 3472 597 3537 nisi
614 3494 715 3558 opem
733 3472 831 3546 ferat,
850 3472 965 3536 omnia
982 3472 1050 3536 sato
1084 3462 1088 3471 ¹
1149 3500 1200 3555 305

148 3576 323 3642 interitura
340 3579 451 3665 gravi,
470 3600 639 3643 summam
657 3578 739 3663 petit
755 3579 882 3643 arduus
900 3598 1027 3653 arcem,

148 3682 240 3747 unde
257 3684 343 3748 solet
359 3684 436 3749 latis
453 3684 561 3749 nubes
577 3684 740 3748 inducere
756 3684 868 3757 terris

147 3790 239 3853 unde
257 3800 370 3853 movet
386 3790 541 3863 tonitrus,
559 3790 758 3876 vibrataque
775 3788 919 3853 fulmina
932 3788 1049 3875 jactat.

148 3894 207 3958 sed
225 3915 351 3981 neque,
368 3917 455 3981 quas
472 3906 586 3980 posset
601 3894 699 3959 terris
716 3894 893 3968 inducere,
910 3894 1019 3960 nubes

147 4008 228 4064 tunc
244 3998 378 4076 habuit,
396 4020 461 4065 nec
476 4022 562 4088 quos
579 4000 676 4064 caelo
693 3996 888 4070 dimitteret,
907 3998 1046 4059 imbres.
1148 4023 1201 4074 310
