2767 4467
182 267 247 355 158
561 265 712 335 Skorter
732 266 868 335 Poems.
1107 282 1226 355 [Fnsrr

180 467 251 533 Vix
267 462 426 554 equidem
442 462 571 528 credor
592 471 670 528 sunt
685 459 744 549 qui
762 454 979 527 Phaethonta
996 461 1115 527 referri

225 572 390 646 Credant,
410 580 444 634 et
459 568 584 634 nimias
601 566 825 633 Deucalionis
843 587 962 654 aquas.

180 677 266 745 Pars
281 697 429 766 quoque,
448 696 528 740 cum
544 674 639 740 saxis
655 684 809 760 pastores
825 694 911 738 saxa
927 672 1086 751 scribant,
1184 704 1242 763 795

224 784 417 850 Scintillam
435 782 547 847 subito
564 781 761 866 prosiluisse
778 778 910 844 serunt:

179 890 296 956 Prima
311 888 451 976 quidem
467 887 579 973 periit,
598 886 728 973 stipulis
745 897 890 971 excepta
907 885 1059 952 secunda
1076 895 1139 952 est.

225 995 304 1061 Hoc
319 1004 562 1082 argumentum
578 992 718 1057 flamma
734 991 859 1057 Parilis
876 991 1001 1058 habet?

178 1099 237 1167 An
255 1101 366 1189 magis
383 1101 475 1164 hunc
492 1120 623 1164 morem
640 1098 748 1184 pietas
764 1096 899 1163 Aeneia
917 1098 1008 1175 lecit,

224 1206 416 1272 Innocuum
432 1206 521 1271 victo
537 1204 593 1270 cui
608 1203 702 1270 dedit
718 1204 810 1292 ignis
826 1204 911 1270 iter?
1185 1225 1246 1280 800

178 1313 273 1378 Num
290 1325 407 1379 tamen
422 1323 473 1378 est
489 1333 570 1377 vero
586 1310 740 1397 propius,
758 1331 838 1376 cum
854 1306 992 1377 condita
1007 1311 1124 1379 Roma
1140 1322 1206 1390 est,

224 1416 419 1483 Transferri
433 1417 546 1505 jussos
561 1416 598 1481 in
613 1437 703 1482 nova
719 1426 808 1481 tecta
824 1415 948 1493 Lares,

178 1523 421 1610 Mutantesque
438 1523 578 1588 dornum
594 1521 691 1588 tectis
707 1522 899 1611 agrestibus
915 1523 1047 1613 ignem,

223 1629 268 1696 Et
284 1640 479 1696 cessaturae
497 1628 718 1715 supposuisse
735 1651 851 1707 casae,

177 1737 246 1803 Per
261 1736 418 1802 flammas
435 1736 579 1802 saluisse
595 1756 716 1823 pecus,
733 1737 879 1804 saluisse
894 1736 1058 1806 colonos?
1186 1760 1245 1832 805

225 1842 329 1928 Quod
345 1843 383 1907 fit
398 1843 503 1908 natali
520 1863 613 1908 nunc
628 1863 779 1931 quoque,
797 1844 927 1922 Roma,
944 1856 1015 1913 tuo.

178 1949 258 2037 Ipse
274 1949 370 2015 locus
385 1970 510 2016 causas
525 1949 595 2015 vati
610 1945 702 2015 t'acitss
753 1949 857 2017 Urbis
873 1952 971 2042 origo

222 2055 347 2123 Venit:
372 2056 455 2124 ades
470 2056 582 2136 factis,
600 2078 728 2149 magne
745 2057 905 2147 Quirine,
923 2058 1012 2129 tuisl

425 2400 459 2449 2.
491 2380 564 2450 ne
584 2380 782 2472 Foundr‘ng
800 2383 849 2472 ‘ff
860 2383 984 2453 Rome.

175 2595 300 2743 JAM
316 2597 427 2663 luerat
441 2587 572 2685 poenas
588 2597 693 2663 frater
707 2595 912 2676 Numitoris,
930 2606 965 2666 'et
979 2622 1082 2668 omne

269 2703 450 2772 Pastorum
467 2703 608 2793 gemino
623 2705 687 2770 sub
704 2705 792 2772 duce
807 2707 932 2794 volgus
948 2716 1032 2772 erat.
1183 2727 1244 2782 810

177 2809 392 2878 Contrahere
408 2823 563 2900 agrestes
578 2821 613 2876 et
627 2811 765 2877 moenia
780 2832 909 2898 ponere
923 2813 1058 2901 utrique

221 2917 413 2984 Convenit:
436 2910 636 3005 ambigitur,
655 2918 790 2984 moenia
808 2928 914 3004 ponat
927 2931 1014 2984 uter.

176 3023 255 3089 ‘Nil
271 3046 358 3110 opus
374 3023 444 3089 est’
460 3023 546 3089 dixit
560 3023 787 3090 ‘certamine’
811 3024 984 3091 Romulus
997 3025 1109 3093 ‘ullor

220 3130 355 3219 Magna
372 3130 457 3196 fides
474 3129 589 3195 avium
606 3141 677 3206 est3
703 3131 922 3217 experiamur
939 3132 1046 3198 aves'

56 3250 60 3256 ’
138 3233 248 3303 'Res
265 3237 398 3324 placet=
423 3238 509 3302 alter
524 3236 595 3302 adit
611 3237 781 3303 nemorosi
797 3259 883 3303 saxa
899 3236 1032 3314 Palati3
1179 3259 1236 3328 εις

219 3343 318 3410 Alter
332 3343 544 3410 Aventinum
558 3364 663 3408 mane
677 3364 845 3409 cacumen
862 3344 932 3410 init.

174 3451 247 3517 Sex
263 3451 409 3527 Remus,
428 3450 486 3515 hic
499 3450 658 3516 volucres
672 3450 726 3515 bis
742 3471 804 3516 sex
818 3451 911 3516 videt
926 3450 1066 3527 ordine3
1091 3462 1193 3539 pacto

219 3557 347 3634 Statur,
366 3567 400 3623 et
415 3555 592 3623 arbitrium
608 3555 779 3623 Romulus
795 3556 889 3623 urbis
906 3558 1019 3624 habet.

173 3664 266 3751 Apta
283 3664 355 3730 dies
370 3662 509 3752 legitur,
525 3683 596 3750 qua
610 3663 747 3729 moenia
764 3663 877 3752 signet
892 3675 1015 3730 aratro.

217 3771 327 3837 Sacra
344 3770 437 3836 Palis
453 3771 636 3845 suberant3
660 3771 741 3836 inde
758 3783 914 3836 mouetur
928 3793 1035 3858 opus:
1179 3791 1241 3845 320

173 3876 282 3943 Fossa
297 3877 335 3941 fit
350 3877 395 3942 ad
412 3877 558 3942 solidum
571 3899 580 3952 3
604 3877 725 3964 fruges
736 3876 911 3964 jaciuntur
926 3876 961 3942 in
976 3876 1060 3954 im'a,

217 3981 262 4053 Et
277 3981 321 4048 de
335 3981 448 4048 vicino
463 3993 554 4048 terra
568 3982 674 4069 petita
688 3982 775 4048 solo.
