2767 4467
188 313 210 366 Ι.
233 326 252 380 ι,
267 313 323 385 58.]
511 294 686 382 Penelope
709 304 743 361 to
773 293 922 382 Ulysses.
1177 292 1239 378 163

185 489 338 580 Argolici
354 491 492 560 rediere
509 491 635 558 duces:
661 490 782 557 altaria
799 490 952 566 sumant;
1207 521 1240 576 ης

228 597 368 663 Ponitur
385 600 432 664 ad
448 599 577 685 patrios
593 599 741 664 barbara
758 598 887 684 praeda
905 598 1008 672 de0s;

186 703 291 770 Grata
307 705 421 770 serunt
436 707 614 793 nymphae
630 727 693 791 pro
710 705 815 770 salvis
831 705 922 769 dona
938 703 1088 777 maritis3

228 811 281 875 Illi
298 812 387 877 victa
405 812 477 878 suis
493 813 622 877 Troica
636 812 707 877 sata
724 821 863 876 canunt.

186 915 354 982 Mirantur
366 918 517 1005 justique
534 939 635 983 senes
648 917 872 1003 trepidaeque
888 916 1046 1002 puellae:

227 1021 409 1090 Narrantis
426 1025 579 1114 conjunx
595 1025 722 1110 pendet
739 1024 782 1088 ab
798 1044 858 1088 ore
873 1021 950 1087 viri.
1205 1055 1240 1109 30

184 1127 296 1216 Atque
314 1130 439 1218 aliquis
456 1132 566 1218 posita
583 1141 750 1196 monstrat
764 1130 837 1194 iera
853 1128 986 1212 proelia
1001 1150 1134 1206 mensa,

229 1235 347 1325 Pingit
364 1248 397 1303 et
413 1238 542 1325 exiguo
559 1237 734 1325 Pergama
749 1247 819 1302 tota
835 1256 951 1302 mero:

186 1341 287 1408 ‘Hac
303 1344 375 1409 ibat
390 1344 534 1422 Simois,
551 1345 619 1410 hac
635 1355 687 1409 est
703 1341 824 1430 Sigeia
840 1342 955 1419 tellus,

230 1448 298 1514 Hic
314 1461 452 1516 steterat
469 1449 598 1516 Priami
614 1449 712 1538 regia
729 1449 822 1516 celsa
838 1447 950 1524 senis3

185 1552 260 1619 Illic
274 1554 462 1633 Aeacides,
481 1556 552 1622 illic
568 1557 732 1622 tendebat
747 1554 891 1631 Ulixes3
1203 1585 1237 1643 33

230 1661 299 1727 Hic
315 1663 431 1728 alacer
446 1663 570 1730 missos
585 1662 705 1728 terruit
722 1662 852 1727 Hector
868 1662 1000 1748 equos.’

186 1766 309 1833 Omnia
327 1790 475 1856 namque
492 1781 550 1836 tuo
566 1768 693 1845 senior,
712 1779 744 1833 te
761 1787 926 1854 quaerere
943 1767 1060 1845 misso,

228 1873 407 1940 Retulerat
423 1887 529 1962 gnato
545 1875 685 1951 Nestor,
706 1874 812 1939 atille
831 1873 926 1939 mihi.

184 1977 314 2045 Retulit
330 1992 362 2045 et
378 1982 467 2047 ferro
485 1981 713 2069 Rhesumque
730 1980 935 2067 Dolonaque
950 2003 1084 2060 caesos,

227 2086 341 2172 thue
357 2087 399 2152 sit
416 2088 472 2154 hic
488 2111 609 2154 somno
624 2089 792 2174 proditus,
811 2087 868 2152 ille
885 2088 976 2154 dolo.
1202 2119 1238 2172 40

183 2190 300 2257 Ausus
315 2215 366 2269 es,
384 2193 417 2259 O
433 2195 575 2260 nimium
592 2194 805 2282 nimiumque
821 2195 924 2259 oblite
941 2206 1089 2273 tuorum,
1237 2197 1240 2202 ’

226 2299 378 2364 Thracia
395 2313 560 2368 nocturno
577 2313 721 2390 tangere
738 2313 851 2367 castra
868 2302 960 2377 dolo,

184 2404 317 2493 Totque
334 2406 435 2472 simul
453 2420 602 2474 mactare
619 2411 723 2485 viros,
742 2409 878 2497 adjutus
896 2409 939 2474 ab
956 2407 1046 2474 unol

227 2511 377 2580 Athene
394 2526 514 2580 cautus
530 2536 608 2581 eras
623 2526 658 2581 et
674 2537 807 2581 memor
824 2527 902 2580 ante
919 2513 1010 2580 mei?

184 2616 304 2705 Usque
320 2632 410 2687 metu
428 2623 578 2690 micuere
593 2624 702 2700 sinus,
721 2625 803 2690 dum
820 2624 928 2690 victor
944 2625 1094 2692 amicum
1200 2656 1235 2714 45

228 2724 348 2792 Dictus
365 2750 402 2793 es
419 2729 571 2796 Ismariis
587 2730 654 2796 isse
671 2753 734 2817 per
750 2753 877 2819 agmen
894 2732 1003 2819 equis.

184 2829 253 2896 Sed
271 2833 353 2898 mihi
369 2835 450 2921 quid
467 2837 606 2922 prodest
620 2837 742 2904 vestris
759 2838 902 2927 disjecta
919 2838 1055 2906 lacertis

227 2937 308 3005 Ilios
325 2952 358 3005 et
374 2964 490 3008 murus
505 2944 596 3031 quod
613 2945 688 3022 fuit,
708 2968 784 3013 esse
800 2949 926 3025 solum,

185 3042 221 3108 Si
240 3067 362 3111 maneo
378 3048 610 3139 qualisTroja
628 3053 772 3120 durante
790 3056 985 3132 manebam,

226 3150 356 3238 Virque
374 3154 455 3218 mihi
472 3156 611 3242 dempto
627 3160 696 3226 fine
714 3164 884 3228 carendus
901 3159 1019 3229 abest?
1202 3191 1237 3247 50

183 3255 303 3321 Diruta
319 3271 397 3323 sunt
413 3260 501 3337 aliis,
520 3264 579 3328 uni
598 3266 681 3330 mihi
700 3267 871 3356 Pergama
888 3280 1029 3346 restant,

227 3361 343 3429 Incola
361 3367 495 3451 captivo
511 3394 600 3457 quae
617 3375 706 3440 bove
723 3374 831 3440 victor
847 3385 932 3439 arat.

177 3466 254 3553 Jam
272 3491 373 3558 seges
389 3486 453 3551 est,
471 3477 530 3542 ubi
546 3480 653 3568 Troja
672 3480 746 3556 fuit,
765 3482 1022 3567 resecandaque
1039 3480 1127 3546 falce

225 3573 395 3644 Luxuriat
411 3581 565 3673 Phrygio
583 3587 752 3673 sanguine
770 3587 908 3674 pinguis
927 3588 1072 3660 humus3

182 3677 411 3770 Semisepulta
428 3690 539 3756 virum
557 3692 669 3756 curvis
687 3692 853 3757 feriuntur
870 3691 990 3757 aratris
1011 3773 1013 3776 Ι
1199 3719 1232 3778 55

225 3787 335 3867 Ossa;
361 3797 518 3862 ruinosas
534 3796 660 3863 occulit
676 3798 782 3863 herba
799 3798 931 3862 domos.

179 3890 297 3962 Victor
314 3901 418 3966 abes:
444 3922 509 3967 nec
525 3901 612 3968 scire
630 3901 729 3978 mihi,
747 3923 835 3988 quae
853 3922 958 3966 causa
976 3901 1145 3977 morandi,

223 4004 294 4072 Aut
309 4007 346 4072 in
362 4029 431 4094 quo
447 4008 556 4073 lateas
572 4008 703 4073 ferreus
721 4009 815 4082 orbe,
834 4007 924 4071 licet.
