2767 4467
161 300 185 353 1.
216 298 291 371 ιη]
528 279 599 346 The
620 279 725 347 Four·
744 245 853 369 Ager.

160 478 224 542 sub
236 476 325 563 Jove
343 475 490 543 mundus
507 486 593 553 erat,
610 476 714 546 subiit
729 486 898 565 argentea
914 479 1042 565 proles,

160 604 245 649 auro
261 582 421 658 deterior,
438 582 531 649 fulvo
550 582 728 669 pretiosior
743 605 837 649 aere.
1163 615 1212 673 1¹5

154 688 313 777 Juppiter
330 687 458 775 antiqui
476 689 643 754 contraxit
659 700 813 775 tempora
828 689 932 768 veris,

160 817 289 883 perque
306 794 436 860 hiemes
454 805 635 882 aestusque
652 806 687 861 et
702 795 900 883 inaequales
916 808 1099 867 autumnos

160 913 193 967 et
207 901 311 966 breve
327 922 388 966 ver
401 900 521 987 spatiis
538 901 654 989 exegit
669 912 828 988 quattuor
843 924 984 969 annum.

159 1018 230 1073 tum
249 1007 396 1093 primum
414 1007 515 1075 siccis
531 1013 591 1073 aer
607 1008 796 1086 fervoribus
812 1020 908 1077 ustus

160 1112 318 1192 canduit‚·
331 1124 364 1179 et
380 1113 488 1179 ventis
505 1114 637 1202 glacies
654 1115 814 1182 adstricta
830 1116 1030 1202 pependit...
1094 1162 1097 1168 -
1163 1149 1213 1190 120

158 1231 229 1286 tum
247 1219 395 1305 primum
411 1220 547 1288 subiere
563 1220 706 1289 domus=
731 1221 854 1287 domus
870 1234 967 1288 antra
984 1222 1120 1290 suerunt

159 1337 192 1391 et
208 1325 306 1391 densi
323 1325 460 1392 frutices
477 1337 511 1393 et
525 1326 661 1397 vinctae
677 1327 802 1396 cortice
817 1327 950 1416 virgae.

158 1432 379 1498 seminatum
395 1423 548 1519 pri-mum
558 1432 672 1521 longis
684 1432 843 1501 Cerealia
859 1435 964 1507 sulcis
1004 1504 1007 1507 ,

158 1540 279 1604 obruta
297 1550 387 1615 sunt,
405 1539 582 1627 pressique
595 1540 682 1628 jugo
699 1561 863 1628 gemuere
876 1540 1029 1630 juvenci.

202 1645 321 1710 Tertia
339 1657 415 1731 post
430 1646 508 1711 illas
523 1647 688 1712 successit
702 1654 810 1711 alinea
826 1648 954 1733 proles,
1162 1680 1211 1737 ¹25

157 1750 292 1821 saevior
308 1751 470 1839 ingeniis,
488 1753 581 1819 etad
598 1752 737 1819 horrida
752 1753 939 1839 promptior
956 1775 1064 1832 arma,

158 1881 226 1925 non
243 1858 411 1939 scelerata
427 1869 554 1925 tamen.
566 1896 612 1909 —
622 1857 676 1925 De
693 1859 779 1925 duro
795 1872 846 1935 est
860 1860 1108 1949 ultimafcrro.

157 1961 311 2053 protinus
323 1964 450 2052 inrupit
462 1986 571 2043 venae
588 1964 714 2055 pejoris
731 1966 766 2034 in
783 1984 907 2041 aevum

157 2093 260 2138 omne
276 2072 395 2139 nefas:
421 2072 542 2161 sugere
556 2074 669 2159 ,pudor
683 2093 872 2163 verumque
888 2075 1062 2162 fidesque:

156 2178 192 2244 in
208 2200 354 2267 quorum
370 2180 505 2246 subiere
521 2180 635 2257 locum
651 2181 858 2269 fraudesque
873 2183 1024 2270 dolique,
1161 2216 1211 2269 130

156 2285 370 2375 insidiaeque
386 2299 420 2353 et
435 2286 487 2354 vis
504 2299 537 2354 et
553 2308 648 2356 amor
662 2290 852 2356 sceleratus
869 2289 1028 2356 habendi.

157 2396 234 2460 vela
250 2394 379 2461 dabant
394 2394 516 2472 ventis,
529 2434 575 2447 —
585 2418 650 2465 nec
666 2397 781 2464 adhuc
797 2399 886 2463 bene
902 2408 1044 2471 noverat
1060 2398 1137 2464 illos

157 2501 285 2577 navita,
295 2522 508 2589 -quaeque
525 2502 583 2569 diu
600 2504 811 2572 steterentin
828 2505 999 2573 montibus
1016 2505 1105 2581 altis,

156 2605 315 2673 fluctibus
331 2607 457 2696 ignotis
474 2608 679 2675 insultavere
697 2611 847 2678 carinae.
912 2673 915 2680 .

157 2733 444 2800 communemque
460 2714 567 2800 prius,
586 2736 650 2781 ceu
667 2716 798 2780 lumina
814 2716 896 2783 solis
912 2725 945 2782 et
960 2737 1075 2793 auras,
1160 2748 1208 2805 133

157 2830 278 2886 cautus
295 2820 437 2887 humum
453 2822 561 2909 longo
576 2822 726 2910 signavit
741 2823 847 2888 limite
865 2844 1012 2888 mensor.

156 2945 222 2992 nec
237 2936 368 2991 tantum
385 2938 521 3019 segetes
537 2929 770 3015 alimentaque
786 2930 900 2995 debita
917 2930 1013 2997 dives

156 3033 361 3116 poscebatur
377 3033 595 3109 humus‚‚sed
611 3034 692 3101 itum
711 3046 763 3101 est
777 3036 813 3100 in
828 3035 961 3102 viscera
977 3046 1108 3111 terrae3

156 3159 310 3225 quasque
326 3139 565 3206 recondiderat
581 3140 784 3228 Stygiisque
799 3143 1002 3213 admoverat
1017 3143 1160 3218 umbris,

157 3243 363 3310 effodiuntur
378 3267 474 3331 opes,
492 3246 708 3313 inritamenta
726 3249 906 3313 malorum.
1160 3279 1208 3331 140

195 3348 345 3437 Jamque
362 3372 490 3427 nocens
506 3352 646 3429 serrum,
664 3354 823 3440 ferroque
839 3355 1015 3421 nocentius
1032 3376 1153 3421 aurum

156 3458 348 3541 prodierat;
374 3458 485 3543 prodit
502 3458 651 3535 Bellum,
670 3462 761 3547 quod
779 3472 912 3548 pugnat
926 3473 1082 3547 utroque,

156 3564 417 3651 sanguineaque
435 3586 538 3629 manu
557 3567 757 3651 crepitantia
773 3568 922 3637 concutit
938 3588 1047 3631 arma.

154 3666 278 3733 vivitur
294 3692 342 3735 ex¹
355 3683 476 3756 rapto:
498 3694 566 3736 non
584 3673 711 3757 hospes
727 3674 771 3738 ab
788 3674 920 3758 hospite
935 3683 1039 3747 tutus,

155 3796 223 3841 non
240 3797 341 3842 socer
358 3797 378 3840 a
394 3798 544 3864 gener03
569 3778 711 3843 fratrum
728 3799 865 3865 quoque
882 3778 993 3865 gratia
1009 3797 1086 3845 rara
1102 3786 1166 3842 est.

153 3881 311 3949 imminet
327 3882 431 3965 exitio
448 3884 499 3948 vir
515 3883 686 3973 conjugis,
705 3884 765 3949 illa
781 3884 914 3967 mariti3

153 3988 266 4057 lurida
282 3988 453 4069 terribiles
469 3990 613 4057 miscent
628 3991 764 4057 aconita
779 4008 970 4063 novercae3
