2767 4467
153 313 216 386 172
527 297 676 366 Shorter
698 299 832 366 Poems.
1053 315 1198 386 [Tarsam

151 496 189 562 Si
208 495 286 560 licet
303 495 471 580 exemplis
487 495 522 560 in
539 517 646 580 parvo
662 495 853 583 grandibus
870 493 931 570 uti,
1174 523 1205 580 25

198 601 297 667 Haec
315 599 421 665 facies
436 601 578 688 Trojae,
597 621 675 666 curn
693 612 886 686 caperetur,
905 609 988 665 erat.

146 709 294 798 Jamque
310 707 533 795 quiescebant
548 728 651 772 voces
669 706 915 793 hominumque
932 726 1142 793 canumque,

158 829 162 833 ’
196 815 366 902 Lunaque
383 824 568 878 nocturnos
586 814 655 877 alta
672 813 815 900 regebat
831 833 950 898 equos.

153 921 255 986 Hanc
272 944 339 1009 ego
355 919 545 1005 suspiciens
562 928 595 983 et
611 920 654 982 ab
672 919 739 982 hac
756 917 927 1003 Capitolia
944 938 1104 994 cernens,

198 1027 298 1112 Qrae
316 1037 429 1093 nostro
446 1025 569 1104 frustra
582 1024 701 1111 juncta
718 1024 813 1089 suere
830 1023 907 1099 lari,
1172 1055 1206 1109 3⁰

154 1135 330 1200 ‘Numina
347 1133 468 1199 vicinis
487 1131 674 1198 habitantia
691 1131 855 1207 sedibus,’
874 1131 1028 1218 inquam,
1081 1211 1084 1214 Ι

198 1242 366 1330 ‘Jamque
382 1239 491 1307 oculis
507 1259 696 1326 numquam
713 1238 841 1322 templa
859 1237 1007 1303 videnda
1025 1236 1124 1313 meio,

151 1347 264 1435 Dique
280 1347 509 1436 relinquendi,
527 1368 612 1435 quos
628 1346 710 1410 urbs
727 1355 818 1408 tenet
833 1343 902 1408 alta
921 1341 1072 1429 Qtirini,

196 1455 277 1520 Este
293 1455 428 1520 salutati
444 1466 578 1540 tempus
594 1453 630 1518 in
647 1473 750 1518 omne
767 1449 872 1515 mihil

150 1559 194 1625 Et
210 1582 418 1648 quamquam
436 1582 512 1626 sero
528 1560 677 1645 clipeum
695 1569 772 1646 post
789 1559 932 1624 vulnera
949 1580 1061 1635 sumo,
1171 1588 1204 1646 33

194 1666 357 1732 Attamen
374 1669 464 1733 hanc
480 1667 567 1733 odiis
584 1678 770 1733 exonerate
787 1666 921 1755 sugam,

149 1773 366 1861 Caelestique
383 1774 468 1850 viro,
487 1773 563 1861 quis
582 1795 635 1839 me
653 1772 827 1859 deceperit
845 1793 952 1849 error,

194 1881 327 1946 Dicitet
353 1902 415 1966 pro
432 1883 534 1967 culpa
550 1901 593 1945 ne
611 1881 724 1946 scelus
743 1901 818 1945 esse
836 1890 941 1966 putet.

148 1987 197 2054 Ut
211 1988 304 2074 quod
319 2009 379 2052 vos
396 1986 501 2062 scitis,
520 2009 652 2072 poenae
669 2008 806 2075 quoque
824 1987 948 2052 sentiat
963 1999 1095 2064 auctor,

193 2095 334 2160 Placato
349 2115 489 2180 possum
506 2115 574 2159 non
593 2093 697 2158 miser
714 2115 788 2159 esse
807 2094 897 2158 deo.’
1170 2127 1206 2179 40

149 2199 228 2265 Hac
244 2221 345 2285 prece
362 2185 500 2265 adoravi
519 2221 660 2284 superos
679 2221 766 2288 ego;
792 2200 948 2286 pluribus
964 2221 1064 2278 uxor,

192 2306 355 2394 Singultu
372 2306 504 2372 medios
520 2306 728 2392 impediente
745 2328 861 2372 sonos.

147 2413 211 2478 Illa
228 2414 343 2489 etiam,
363 2425 441 2478 ante
457 2412 567 2478 Lares
583 2413 694 2498 passis
711 2422 880 2497 prostrata
897 2413 1045 2500 capillis,

194 2519 347 2608 Contigit
363 2519 547 2585 exstinctos
563 2540 622 2584 ore
638 2529 804 2584 tremente
821 2519 928 2597 socos,

146 2626 326 2714 Multaque
342 2627 377 2690 in
395 2628 557 2691 adversos
573 2625 693 2691 effudit
708 2625 814 2692 verba
830 2624 979 2691 Penates
1168 2657 1209 2713 45

191 2734 259 2799 Pro
275 2734 452 2818 deplorato
468 2754 537 2798 non
554 2733 700 2798 valitura
716 2733 800 2798 viro.

140 2839 287 2928 Jamque
305 2859 420 2904 morae
437 2839 582 2925 spatium
601 2862 671 2904 nox
688 2841 911 2927 praecipitata
928 2840 1092 2928 negabat,

189 2945 369 3030 Versaque
386 2945 429 3009 ab
447 2967 511 3009 axe
528 2967 590 3011 suo
607 2944 788 3014 Parrhasis
807 2958 918 3013 arctos
936 2957 1019 3012 erat.

146 3051 240 3124 Quid
257 3050 428 3117 facerem?
451 3052 579 3118 blando
596 3054 726 3139 patriae
744 3055 915 3120 retinebar
931 3075 1069 3129 amore3

189 3159 319 3226 Ultima
336 3159 396 3224 sed
408 3159 526 3249 jussae
543 3183 612 3226 nox
630 3173 702 3226 erat
719 3162 778 3226 illa
795 3162 912 3250 fugae.
1168 3193 1206 3250 50

143 3265 223 3332 Abi
248 3266 404 3353 quotiens
421 3268 535 3356 aliquo
552 3269 847 3355 dixiproperante
866 3281 874 3309 ‘
892 3266 988 3352 Quid
1004 3265 1156 3356 urgues?

187 3373 254 3439 Vel
271 3395 338 3460 quo
356 3373 493 3440 festines
510 3375 573 3452 ire,
593 3377 648 3442 vel
665 3377 771 3452 unde,
789 3376 867 3441 vide
880 3374 912 3440 1’

142 3478 222 3543 Aht
248 3480 403 3566 quotiens
421 3490 550 3548 certam
569 3505 718 3550 mesum
736 3483 895 3548 mentitus
911 3482 1039 3548 habere

189 3585 334 3663 Horam,
353 3590 548 3676 propositae
565 3611 655 3676 quae
672 3590 758 3656 foret
774 3600 854 3676 apta
869 3589 959 3655 viae.

142 3692 213 3757 Ter
229 3693 333 3759 limen
351 3696 460 3783 tetigi,
479 3706 530 3760 ter
545 3718 621 3761 sum
638 3708 830 3772 revocatus,
849 3707 882 3762 et
897 3696 971 3782 ipse
1165 3729 1203 3786 55

188 3799 380 3889 Indulgens
397 3802 513 3866 animo
530 3821 591 3886 pes
609 3800 691 3865 mihi
709 3803 825 3867 tardus
842 3815 934 3882 erat;

143 3904 257 3993 Saepe
287 3907 370 3972 Vale
387 3906 476 3972 dicto
493 3928 610 3972 rursus
627 3928 703 3971 sum
720 3908 826 3972 multa
844 3909 990 3987 locutus

187 4013 232 4078 Et
247 4012 345 4100 quasi
362 4013 543 4078 discedens
560 4012 679 4078 oscula
696 4033 830 4078 summa
847 4014 948 4092 dedi;
