<?xml version="1.0" encoding="UTF-8"?>
<!DOCTYPE html PUBLIC "-//W3C//DTD XHTML 1.0 Transitional//EN"
    "http://www.w3.org/TR/xhtml1/DTD/xhtml1-transitional.dtd">
<html xmlns="http://www.w3.org/1999/xhtml" xml:lang="en" lang="en">
 <head>
  <title>
</title>
<meta http-equiv="Content-Type" content="text/html;charset=utf-8" />
  <meta name='ocr-system' content='tesseract 3.04.00' />
  <meta name='ocr-capabilities' content='ocr_page ocr_carea ocr_par ocr_line ocrx_word'/>
</head>
<body>
  <div class='ocr_page' id='page_1' title='image "./poemataquaedame01ovidgoog_0067.png"; bbox 0 0 2767 4467; ppageno 0'>
   <div class='ocr_carea' id='block_1_1' title="bbox 168 234 909 325">
    <p class='ocr_par' dir='ltr' id='par_1_1' title="bbox 168 234 909 325">
     <span class='ocr_line' id='line_1_1' title="bbox 168 234 909 325; baseline -0.008 -19"><span class='ocrx_word' id='word_1_1' title='bbox 168 250 286 325; x_wconf 81' lang='lat' dir='ltr'>v.464.]</span> <span class='ocrx_word' id='word_1_2' title='bbox 465 264 468 271; x_wconf 62' lang='lat'><em>¹</em></span> <span class='ocrx_word' id='word_1_3' title='bbox 500 235 585 303; x_wconf 80' lang='lat' dir='ltr'>Her</span> <span class='ocrx_word' id='word_1_4' title='bbox 615 236 740 324; x_wconf 78' lang='lat' dir='ltr'>lVeez&#39;ry</span> <span class='ocrx_word' id='word_1_5' title='bbox 761 234 909 302; x_wconf 78' lang='lat' dir='ltr'>Search.</span> 
     </span>
    </p>
   </div>
   <div class='ocr_carea' id='block_1_2' title="bbox 89 430 1220 2115">
    <p class='ocr_par' dir='ltr' id='par_1_2' title="bbox 169 430 1107 520">
     <span class='ocr_line' id='line_1_2' title="bbox 169 430 1107 520; baseline 0 -25"><span class='ocrx_word' id='word_1_6' title='bbox 169 430 346 518; x_wconf 87' lang='lat' dir='ltr'>primaque</span> <span class='ocrx_word' id='word_1_7' title='bbox 364 432 409 499; x_wconf 92' lang='lat' dir='ltr'>de</span> <span class='ocrx_word' id='word_1_8' title='bbox 426 442 497 499; x_wconf 88' lang='lat' dir='ltr'>tota</span> <span class='ocrx_word' id='word_1_9' title='bbox 513 433 714 500; x_wconf 88' lang='lat' dir='ltr'>tenuissima</span> <span class='ocrx_word' id='word_1_10' title='bbox 729 452 886 520; x_wconf 88' lang='lat' dir='ltr'>quaeque</span> <span class='ocrx_word' id='word_1_11' title='bbox 903 430 1107 517; x_wconf 87' lang='lat' dir='ltr'>liquescunt,</span> 
     </span>
    </p>

    <p class='ocr_par' dir='ltr' id='par_1_3' title="bbox 169 537 1026 627">
     <span class='ocr_line' id='line_1_3' title="bbox 169 537 1026 627; baseline -0.001 -25"><span class='ocrx_word' id='word_1_12' title='bbox 169 537 314 603; x_wconf 90' lang='lat' dir='ltr'>caerulei</span> <span class='ocrx_word' id='word_1_13' title='bbox 332 538 462 615; x_wconf 88' lang='lat' dir='ltr'>crines,</span> <span class='ocrx_word' id='word_1_14' title='bbox 482 539 649 627; x_wconf 83' lang='lat' dir='ltr'>digitique</span> <span class='ocrx_word' id='word_1_15' title='bbox 664 550 699 605; x_wconf 85' lang='lat' dir='ltr'>et</span> <span class='ocrx_word' id='word_1_16' title='bbox 715 559 815 605; x_wconf 87' lang='lat' dir='ltr'>crura</span> <span class='ocrx_word' id='word_1_17' title='bbox 830 538 1026 626; x_wconf 81' lang='lat' dir='ltr'>pedesque:</span> 
     </span>
    </p>

    <p class='ocr_par' dir='ltr' id='par_1_4' title="bbox 169 642 1056 733">
     <span class='ocr_line' id='line_1_4' title="bbox 169 642 1056 733; baseline 0 -26"><span class='ocrx_word' id='word_1_18' title='bbox 169 664 243 707; x_wconf 86' lang='lat' dir='ltr'>nam</span> <span class='ocrx_word' id='word_1_19' title='bbox 260 644 379 709; x_wconf 88' lang='lat' dir='ltr'>brevis</span> <span class='ocrx_word' id='word_1_20' title='bbox 395 644 435 709; x_wconf 87' lang='lat' dir='ltr'>in</span> <span class='ocrx_word' id='word_1_21' title='bbox 449 644 583 733; x_wconf 85' lang='lat' dir='ltr'>gelidas</span> <span class='ocrx_word' id='word_1_22' title='bbox 601 645 763 711; x_wconf 86' lang='lat' dir='ltr'>membris</span> <span class='ocrx_word' id='word_1_23' title='bbox 780 643 928 709; x_wconf 85' lang='lat' dir='ltr'>exilibus</span> <span class='ocrx_word' id='word_1_24' title='bbox 944 642 1056 708; x_wconf 88' lang='lat' dir='ltr'>undas</span> 
     </span>
    </p>

    <p class='ocr_par' dir='ltr' id='par_1_5' title="bbox 168 748 1146 837">
     <span class='ocr_line' id='line_1_5' title="bbox 168 748 1146 837; baseline 0.001 -23"><span class='ocrx_word' id='word_1_25' title='bbox 168 750 330 815; x_wconf 78' lang='lat' dir='ltr'>transitus</span> <span class='ocrx_word' id='word_1_26' title='bbox 343 763 418 825; x_wconf 88' lang='lat' dir='ltr'>est;</span> <span class='ocrx_word' id='word_1_27' title='bbox 441 751 622 836; x_wconf 87' lang='lat' dir='ltr'>posthaec</span> <span class='ocrx_word' id='word_1_28' title='bbox 638 749 772 815; x_wconf 89' lang='lat' dir='ltr'>humeri</span> <span class='ocrx_word' id='word_1_29' title='bbox 787 761 973 837; x_wconf 82' lang='lat' dir='ltr'>tergusque</span> <span class='ocrx_word' id='word_1_30' title='bbox 989 748 1146 836; x_wconf 85' lang='lat' dir='ltr'>latusque</span> 
     </span>
    </p>

    <p class='ocr_par' dir='ltr' id='par_1_6' title="bbox 168 855 1220 943">
     <span class='ocr_line' id='line_1_6' title="bbox 168 855 1220 943; baseline -0.001 -22"><span class='ocrx_word' id='word_1_31' title='bbox 168 868 375 943; x_wconf 87' lang='lat' dir='ltr'>pectoraque</span> <span class='ocrx_word' id='word_1_32' title='bbox 391 856 427 921; x_wconf 91' lang='lat' dir='ltr'>in</span> <span class='ocrx_word' id='word_1_33' title='bbox 444 868 564 921; x_wconf 87' lang='lat' dir='ltr'>tenues</span> <span class='ocrx_word' id='word_1_34' title='bbox 581 856 709 922; x_wconf 86' lang='lat' dir='ltr'>abeunt</span> <span class='ocrx_word' id='word_1_35' title='bbox 723 856 871 921; x_wconf 85' lang='lat' dir='ltr'>evanida</span> <span class='ocrx_word' id='word_1_36' title='bbox 887 855 991 921; x_wconf 86' lang='lat' dir='ltr'>rivos.</span> <span class='ocrx_word' id='word_1_37' title='bbox 1167 884 1220 940; x_wconf 80' lang='lat'>435</span> 
     </span>
    </p>

    <p class='ocr_par' dir='ltr' id='par_1_7' title="bbox 168 961 952 1051">
     <span class='ocr_line' id='line_1_7' title="bbox 168 961 952 1051; baseline 0 -24"><span class='ocrx_word' id='word_1_38' title='bbox 168 962 311 1051; x_wconf 90' lang='lat' dir='ltr'>denique</span> <span class='ocrx_word' id='word_1_39' title='bbox 329 985 395 1049; x_wconf 85' lang='lat' dir='ltr'>pro</span> <span class='ocrx_word' id='word_1_40' title='bbox 410 962 640 1029; x_wconf 80' lang='lat' dir='ltr'>vivovitiatas</span> <span class='ocrx_word' id='word_1_41' title='bbox 657 961 828 1049; x_wconf 87' lang='lat' dir='ltr'>sanguine</span> <span class='ocrx_word' id='word_1_42' title='bbox 844 981 952 1027; x_wconf 88' lang='lat' dir='ltr'>venas</span> 
     </span>
    </p>

    <p class='ocr_par' dir='ltr' id='par_1_8' title="bbox 167 1065 1187 1156">
     <span class='ocr_line' id='line_1_8' title="bbox 167 1065 1187 1156; baseline 0.002 -24"><span class='ocrx_word' id='word_1_43' title='bbox 167 1067 309 1155; x_wconf 89' lang='lat' dir='ltr'>lympha</span> <span class='ocrx_word' id='word_1_44' title='bbox 325 1070 439 1144; x_wconf 87' lang='lat' dir='ltr'>subit;</span> <span class='ocrx_word' id='word_1_45' title='bbox 464 1079 636 1156; x_wconf 85' lang='lat' dir='ltr'>restatque</span> <span class='ocrx_word' id='word_1_46' title='bbox 653 1068 754 1143; x_wconf 89' lang='lat' dir='ltr'>nihil,</span> <span class='ocrx_word' id='word_1_47' title='bbox 772 1068 865 1155; x_wconf 92' lang='lat' dir='ltr'>quod</span> <span class='ocrx_word' id='word_1_48' title='bbox 880 1066 1049 1153; x_wconf 83' lang='lat' dir='ltr'>prendere</span> <span class='ocrx_word' id='word_1_49' title='bbox 1063 1065 1187 1155; x_wconf 88' lang='lat' dir='ltr'>possis.</span> 
     </span>
    </p>

    <p class='ocr_par' dir='ltr' id='par_1_9' title="bbox 211 1173 944 1263">
     <span class='ocr_line' id='line_1_9' title="bbox 211 1173 944 1263; baseline -0.003 -23"><span class='ocrx_word' id='word_1_50' title='bbox 211 1174 348 1242; x_wconf 90' lang='lat' dir='ltr'>Interea</span> <span class='ocrx_word' id='word_1_51' title='bbox 367 1176 513 1263; x_wconf 89' lang='lat' dir='ltr'>pavidae</span> <span class='ocrx_word' id='word_1_52' title='bbox 530 1175 740 1263; x_wconf 85' lang='lat' dir='ltr'>nequiquam</span> <span class='ocrx_word' id='word_1_53' title='bbox 757 1174 829 1239; x_wconf 85' lang='lat' dir='ltr'>filia</span> <span class='ocrx_word' id='word_1_54' title='bbox 844 1173 944 1239; x_wconf 89' lang='lat' dir='ltr'>matri</span> 
     </span>
    </p>

    <p class='ocr_par' dir='ltr' id='par_1_10' title="bbox 167 1280 1001 1369">
     <span class='ocr_line' id='line_1_10' title="bbox 167 1280 1001 1369; baseline 0.002 -24"><span class='ocrx_word' id='word_1_55' title='bbox 167 1282 325 1348; x_wconf 90' lang='lat' dir='ltr'>omnibus</span> <span class='ocrx_word' id='word_1_56' title='bbox 342 1294 394 1349; x_wconf 90' lang='lat' dir='ltr'>est</span> <span class='ocrx_word' id='word_1_57' title='bbox 409 1283 520 1358; x_wconf 84' lang='lat' dir='ltr'>terris,</span> <span class='ocrx_word' id='word_1_58' title='bbox 539 1282 633 1349; x_wconf 83' lang='lat' dir='ltr'>omni</span> <span class='ocrx_word' id='word_1_59' title='bbox 648 1281 802 1369; x_wconf 86' lang='lat' dir='ltr'>quaesita</span> <span class='ocrx_word' id='word_1_60' title='bbox 819 1280 1001 1369; x_wconf 84' lang='lat' dir='ltr'>profundo.</span> 
     </span>
    </p>

    <p class='ocr_par' dir='ltr' id='par_1_11' title="bbox 89 1386 1220 1474">
     <span class='ocr_line' id='line_1_11' title="bbox 89 1386 1220 1474; baseline 0.004 -24"><span class='ocrx_word' id='word_1_61' title='bbox 89 1422 99 1437; x_wconf 82' lang='lat'><strong>·</strong></span> <span class='ocrx_word' id='word_1_62' title='bbox 167 1386 259 1453; x_wconf 88' lang='lat' dir='ltr'>illam</span> <span class='ocrx_word' id='word_1_63' title='bbox 275 1412 350 1455; x_wconf 91' lang='lat' dir='ltr'>non</span> <span class='ocrx_word' id='word_1_64' title='bbox 367 1390 444 1455; x_wconf 89' lang='lat' dir='ltr'>udis</span> <span class='ocrx_word' id='word_1_65' title='bbox 460 1389 602 1454; x_wconf 88' lang='lat' dir='ltr'>veniens</span> <span class='ocrx_word' id='word_1_66' title='bbox 615 1387 755 1454; x_wconf 85' lang='lat' dir='ltr'>Aurora</span> <span class='ocrx_word' id='word_1_67' title='bbox 771 1388 906 1474; x_wconf 82' lang='lat' dir='ltr'>capillis</span> <span class='ocrx_word' id='word_1_68' title='bbox 1165 1417 1220 1471; x_wconf 76' lang='lat'>⁴⁴0</span> 
     </span>
    </p>

    <p class='ocr_par' dir='ltr' id='par_1_12' title="bbox 167 1493 1013 1581">
     <span class='ocr_line' id='line_1_12' title="bbox 167 1493 1013 1581; baseline -0.002 -18"><span class='ocrx_word' id='word_1_69' title='bbox 167 1506 360 1563; x_wconf 88' lang='lat' dir='ltr'>cessantem</span> <span class='ocrx_word' id='word_1_70' title='bbox 377 1495 473 1571; x_wconf 89' lang='lat' dir='ltr'>vidit,</span> <span class='ocrx_word' id='word_1_71' title='bbox 491 1516 560 1562; x_wconf 87' lang='lat' dir='ltr'>non</span> <span class='ocrx_word' id='word_1_72' title='bbox 578 1495 779 1581; x_wconf 87' lang='lat' dir='ltr'>Hesperus:</span> <span class='ocrx_word' id='word_1_73' title='bbox 802 1494 862 1560; x_wconf 89' lang='lat' dir='ltr'>illa</span> <span class='ocrx_word' id='word_1_74' title='bbox 878 1493 1013 1566; x_wconf 85' lang='lat' dir='ltr'>duabus</span> 
     </span>
    </p>

    <p class='ocr_par' dir='ltr' id='par_1_13' title="bbox 166 1599 1081 1687">
     <span class='ocr_line' id='line_1_13' title="bbox 166 1599 1081 1687; baseline 0.005 -25"><span class='ocrx_word' id='word_1_75' title='bbox 166 1599 390 1667; x_wconf 88' lang='lat' dir='ltr'>flammiferas</span> <span class='ocrx_word' id='word_1_76' title='bbox 405 1602 507 1687; x_wconf 87' lang='lat' dir='ltr'>pinus</span> <span class='ocrx_word' id='word_1_77' title='bbox 524 1601 684 1668; x_wconf 89' lang='lat' dir='ltr'>manibus</span> <span class='ocrx_word' id='word_1_78' title='bbox 701 1600 878 1667; x_wconf 87' lang='lat' dir='ltr'>succendit</span> <span class='ocrx_word' id='word_1_79' title='bbox 894 1602 938 1666; x_wconf 90' lang='lat' dir='ltr'>ab</span> <span class='ocrx_word' id='word_1_80' title='bbox 954 1599 1081 1677; x_wconf 82' lang='lat' dir='ltr'>Aetna,</span> 
     </span>
    </p>

    <p class='ocr_par' dir='ltr' id='par_1_14' title="bbox 166 1708 975 1795">
     <span class='ocr_line' id='line_1_14' title="bbox 166 1708 975 1795; baseline 0 -23"><span class='ocrx_word' id='word_1_81' title='bbox 166 1727 295 1795; x_wconf 85' lang='lat' dir='ltr'>perque</span> <span class='ocrx_word' id='word_1_82' title='bbox 312 1708 493 1793; x_wconf 89' lang='lat' dir='ltr'>pruinosas</span> <span class='ocrx_word' id='word_1_83' title='bbox 508 1708 584 1774; x_wconf 93' lang='lat' dir='ltr'>tulit</span> <span class='ocrx_word' id='word_1_84' title='bbox 598 1708 787 1795; x_wconf 86' lang='lat' dir='ltr'>inrequieta</span> <span class='ocrx_word' id='word_1_85' title='bbox 804 1708 975 1774; x_wconf 86' lang='lat' dir='ltr'>tenebras.</span> 
     </span>
    </p>

    <p class='ocr_par' dir='ltr' id='par_1_15' title="bbox 165 1813 1031 1890">
     <span class='ocr_line' id='line_1_15' title="bbox 165 1813 1031 1890; baseline 0.002 -13"><span class='ocrx_word' id='word_1_86' title='bbox 165 1833 281 1879; x_wconf 86' lang='lat' dir='ltr'>rursus</span> <span class='ocrx_word' id='word_1_87' title='bbox 299 1814 359 1879; x_wconf 94' lang='lat' dir='ltr'>ubi</span> <span class='ocrx_word' id='word_1_88' title='bbox 376 1814 470 1879; x_wconf 89' lang='lat' dir='ltr'>alma</span> <span class='ocrx_word' id='word_1_89' title='bbox 485 1813 560 1879; x_wconf 91' lang='lat' dir='ltr'>dies</span> <span class='ocrx_word' id='word_1_90' title='bbox 577 1814 755 1880; x_wconf 88' lang='lat' dir='ltr'>hebetarat</span> <span class='ocrx_word' id='word_1_91' title='bbox 767 1814 898 1890; x_wconf 88' lang='lat' dir='ltr'>sidera,</span> <span class='ocrx_word' id='word_1_92' title='bbox 915 1823 1031 1879; x_wconf 88' lang='lat' dir='ltr'>natam</span> 
     </span>
    </p>

    <p class='ocr_par' dir='ltr' id='par_1_16' title="bbox 99 1918 1218 2115">
     <span class='ocr_line' id='line_1_16' title="bbox 99 1918 1218 2009; baseline 0.004 -27"><span class='ocrx_word' id='word_1_93' title='bbox 99 1954 102 1961; x_wconf 86' lang='lat'>.</span> <span class='ocrx_word' id='word_1_94' title='bbox 166 1918 246 1984; x_wconf 90' lang='lat' dir='ltr'>solis</span> <span class='ocrx_word' id='word_1_95' title='bbox 263 1921 309 1985; x_wconf 89' lang='lat' dir='ltr'>ab</span> <span class='ocrx_word' id='word_1_96' title='bbox 325 1940 451 1986; x_wconf 87' lang='lat' dir='ltr'>occasu</span> <span class='ocrx_word' id='word_1_97' title='bbox 468 1920 550 1986; x_wconf 90' lang='lat' dir='ltr'>solis</span> <span class='ocrx_word' id='word_1_98' title='bbox 566 1922 754 2007; x_wconf 86' lang='lat' dir='ltr'>quaerebat</span> <span class='ocrx_word' id='word_1_99' title='bbox 769 1921 813 1985; x_wconf 88' lang='lat' dir='ltr'>ad</span> <span class='ocrx_word' id='word_1_100' title='bbox 829 1931 936 1987; x_wconf 78' lang='lat' dir='ltr'>onus.</span> <span class='ocrx_word' id='word_1_101' title='bbox 1166 1950 1218 2009; x_wconf 78' lang='lat'>445</span> 
     </span>
     <span class='ocr_line' id='line_1_17' title="bbox 118 2012 964 2115; baseline 0.002 -26"><span class='ocrx_word' id='word_1_102' title='bbox 118 2012 122 2023; x_wconf 53' lang='lat'><strong><em>⁵</em></strong></span> <span class='ocrx_word' id='word_1_103' title='bbox 165 2024 256 2091; x_wconf 78' lang='lat' dir='ltr'>sessa</span> <span class='ocrx_word' id='word_1_104' title='bbox 273 2027 392 2092; x_wconf 88' lang='lat' dir='ltr'>labore</span> <span class='ocrx_word' id='word_1_105' title='bbox 409 2026 499 2091; x_wconf 88' lang='lat' dir='ltr'>sitim</span> <span class='ocrx_word' id='word_1_106' title='bbox 516 2027 716 2115; x_wconf 89' lang='lat' dir='ltr'>collegerat,</span> <span class='ocrx_word' id='word_1_107' title='bbox 733 2049 862 2114; x_wconf 89' lang='lat' dir='ltr'>oraque</span> <span class='ocrx_word' id='word_1_108' title='bbox 878 2026 964 2092; x_wconf 92' lang='lat' dir='ltr'>nulli</span> 
     </span>
    </p>
   </div>
   <div class='ocr_carea' id='block_1_3' title="bbox 65 2132 1025 2209">
    <p class='ocr_par' dir='ltr' id='par_1_17' title="bbox 65 2132 1025 2209">
     <span class='ocr_line' id='line_1_18' title="bbox 65 2132 1025 2209; baseline 0.003 -13"><span class='ocrx_word' id='word_1_109' title='bbox 65 2180 68 2183; x_wconf 88' lang='lat'>-</span> <span class='ocrx_word' id='word_1_110' title='bbox 129 2138 132 2141; x_wconf 82' lang='lat'>&#39;</span> <span class='ocrx_word' id='word_1_111' title='bbox 166 2133 356 2199; x_wconf 85' lang='lat' dir='ltr'>colluerant</span> <span class='ocrx_word' id='word_1_112' title='bbox 370 2132 502 2209; x_wconf 81' lang='lat' dir='ltr'>iontes3</span> <span class='ocrx_word' id='word_1_113' title='bbox 526 2155 605 2199; x_wconf 91' lang='lat' dir='ltr'>cum</span> <span class='ocrx_word' id='word_1_114' title='bbox 621 2146 746 2200; x_wconf 89' lang='lat' dir='ltr'>tectam</span> <span class='ocrx_word' id='word_1_115' title='bbox 762 2134 925 2200; x_wconf 88' lang='lat' dir='ltr'>stramine</span> <span class='ocrx_word' id='word_1_116' title='bbox 942 2132 1025 2199; x_wconf 88' lang='lat' dir='ltr'>vidit</span> 
     </span>
    </p>
   </div>
   <div class='ocr_carea' id='block_1_4' title="bbox 89 2238 1219 3499">
    <p class='ocr_par' dir='ltr' id='par_1_18' title="bbox 167 2238 1056 2327">
     <span class='ocr_line' id='line_1_19' title="bbox 167 2238 1056 2327; baseline 0.004 -26"><span class='ocrx_word' id='word_1_117' title='bbox 167 2238 250 2304; x_wconf 84' lang='lat' dir='ltr'>forte</span> <span class='ocrx_word' id='word_1_118' title='bbox 266 2260 399 2314; x_wconf 90' lang='lat' dir='ltr'>casam,</span> <span class='ocrx_word' id='word_1_119' title='bbox 417 2260 611 2327; x_wconf 87' lang='lat' dir='ltr'>parvasque</span> <span class='ocrx_word' id='word_1_120' title='bbox 626 2240 719 2306; x_wconf 80' lang='lat' dir='ltr'>fores</span> <span class='ocrx_word' id='word_1_121' title='bbox 734 2241 902 2326; x_wconf 83' lang='lat' dir='ltr'>pulsavit:</span> <span class='ocrx_word' id='word_1_122' title='bbox 926 2239 1056 2305; x_wconf 91' lang='lat' dir='ltr'>atinde</span> 
     </span>
    </p>

    <p class='ocr_par' dir='ltr' id='par_1_19' title="bbox 166 2343 1219 2645">
     <span class='ocr_line' id='line_1_20' title="bbox 166 2343 1135 2434; baseline 0.001 -25"><span class='ocrx_word' id='word_1_123' title='bbox 166 2346 277 2429; x_wconf 90' lang='lat' dir='ltr'>prodit</span> <span class='ocrx_word' id='word_1_124' title='bbox 292 2366 394 2421; x_wconf 91' lang='lat' dir='ltr'>anus,</span> <span class='ocrx_word' id='word_1_125' title='bbox 412 2345 595 2433; x_wconf 89' lang='lat' dir='ltr'>divamque</span> <span class='ocrx_word' id='word_1_126' title='bbox 611 2346 717 2422; x_wconf 86' lang='lat' dir='ltr'>videt,</span> <span class='ocrx_word' id='word_1_127' title='bbox 734 2347 984 2434; x_wconf 89' lang='lat' dir='ltr'>lymphamque</span> <span class='ocrx_word' id='word_1_128' title='bbox 999 2343 1135 2433; x_wconf 86' lang='lat' dir='ltr'>roganti</span> 
     </span>
     <span class='ocr_line' id='line_1_21' title="bbox 167 2451 1219 2539; baseline 0.008 -25"><span class='ocrx_word' id='word_1_129' title='bbox 167 2451 266 2516; x_wconf 90' lang='lat' dir='ltr'>dulce</span> <span class='ocrx_word' id='word_1_130' title='bbox 282 2452 390 2527; x_wconf 90' lang='lat' dir='ltr'>dedit,</span> <span class='ocrx_word' id='word_1_131' title='bbox 407 2461 494 2517; x_wconf 87' lang='lat' dir='ltr'>tosta</span> <span class='ocrx_word' id='word_1_132' title='bbox 511 2454 603 2539; x_wconf 92' lang='lat' dir='ltr'>quod</span> <span class='ocrx_word' id='word_1_133' title='bbox 619 2463 753 2519; x_wconf 86' lang='lat' dir='ltr'>texerat</span> <span class='ocrx_word' id='word_1_134' title='bbox 769 2465 847 2518; x_wconf 90' lang='lat' dir='ltr'>ante</span> <span class='ocrx_word' id='word_1_135' title='bbox 863 2454 1015 2539; x_wconf 87' lang='lat' dir='ltr'>polenta.</span> <span class='ocrx_word' id='word_1_136' title='bbox 1164 2481 1219 2539; x_wconf 80' lang='lat'>430</span> 
     </span>
     <span class='ocr_line' id='line_1_22' title="bbox 167 2556 1032 2645; baseline -0.003 -22"><span class='ocrx_word' id='word_1_137' title='bbox 167 2557 247 2623; x_wconf 89' lang='lat' dir='ltr'>dum</span> <span class='ocrx_word' id='word_1_138' title='bbox 263 2558 348 2624; x_wconf 90' lang='lat' dir='ltr'>bibit</span> <span class='ocrx_word' id='word_1_139' title='bbox 363 2558 422 2623; x_wconf 88' lang='lat' dir='ltr'>illa</span> <span class='ocrx_word' id='word_1_140' title='bbox 439 2559 569 2633; x_wconf 90' lang='lat' dir='ltr'>datum,</span> <span class='ocrx_word' id='word_1_141' title='bbox 588 2560 665 2625; x_wconf 92' lang='lat' dir='ltr'>duri</span> <span class='ocrx_word' id='word_1_142' title='bbox 681 2581 768 2645; x_wconf 89' lang='lat' dir='ltr'>puer</span> <span class='ocrx_word' id='word_1_143' title='bbox 782 2559 852 2625; x_wconf 88' lang='lat' dir='ltr'>oris</span> <span class='ocrx_word' id='word_1_144' title='bbox 867 2570 901 2623; x_wconf 91' lang='lat' dir='ltr'>et</span> <span class='ocrx_word' id='word_1_145' title='bbox 916 2556 1032 2622; x_wconf 86' lang='lat' dir='ltr'>audax</span> 
     </span>
    </p>

    <p class='ocr_par' dir='ltr' id='par_1_20' title="bbox 159 2662 1102 2859">
     <span class='ocr_line' id='line_1_23' title="bbox 167 2662 1102 2753; baseline 0 -25"><span class='ocrx_word' id='word_1_146' title='bbox 167 2663 313 2729; x_wconf 89' lang='lat' dir='ltr'>constitit</span> <span class='ocrx_word' id='word_1_147' title='bbox 329 2675 410 2730; x_wconf 90' lang='lat' dir='ltr'>ante</span> <span class='ocrx_word' id='word_1_148' title='bbox 427 2665 542 2742; x_wconf 90' lang='lat' dir='ltr'>deam,</span> <span class='ocrx_word' id='word_1_149' title='bbox 560 2666 715 2753; x_wconf 90' lang='lat' dir='ltr'>risitque,</span> <span class='ocrx_word' id='word_1_150' title='bbox 734 2664 940 2750; x_wconf 82' lang='lat' dir='ltr'>avidamque</span> <span class='ocrx_word' id='word_1_151' title='bbox 954 2662 1102 2729; x_wconf 79' lang='lat' dir='ltr'>vocavit.</span> 
     </span>
     <span class='ocr_line' id='line_1_24' title="bbox 159 2770 1098 2859; baseline 0.002 -25"><span class='ocrx_word' id='word_1_152' title='bbox 159 2770 299 2835; x_wconf 80' lang='lat' dir='ltr'>&#39;offensa</span> <span class='ocrx_word' id='word_1_153' title='bbox 314 2782 385 2845; x_wconf 87' lang='lat' dir='ltr'>est;</span> <span class='ocrx_word' id='word_1_154' title='bbox 410 2792 523 2859; x_wconf 91' lang='lat' dir='ltr'>neque</span> <span class='ocrx_word' id='word_1_155' title='bbox 540 2772 655 2838; x_wconf 90' lang='lat' dir='ltr'>adhuc</span> <span class='ocrx_word' id='word_1_156' title='bbox 672 2783 773 2857; x_wconf 88' lang='lat' dir='ltr'>epota</span> <span class='ocrx_word' id='word_1_157' title='bbox 788 2780 886 2857; x_wconf 91' lang='lat' dir='ltr'>parte</span> <span class='ocrx_word' id='word_1_158' title='bbox 902 2770 1098 2857; x_wconf 91' lang='lat' dir='ltr'>loquentem</span> 
     </span>
    </p>

    <p class='ocr_par' dir='ltr' id='par_1_21' title="bbox 89 2876 946 2965">
     <span class='ocr_line' id='line_1_25' title="bbox 89 2876 946 2965; baseline 0.005 -26"><span class='ocrx_word' id='word_1_159' title='bbox 89 2954 92 2965; x_wconf 33' lang='grc' dir='ltr'><strong><em>Ι</em></strong></span> <span class='ocrx_word' id='word_1_160' title='bbox 167 2895 245 2940; x_wconf 90' lang='lat' dir='ltr'>cum</span> <span class='ocrx_word' id='word_1_161' title='bbox 262 2876 391 2963; x_wconf 92' lang='lat' dir='ltr'>liquido</span> <span class='ocrx_word' id='word_1_162' title='bbox 409 2878 514 2943; x_wconf 87' lang='lat' dir='ltr'>mixta</span> <span class='ocrx_word' id='word_1_163' title='bbox 533 2878 683 2965; x_wconf 82' lang='lat' dir='ltr'>perfudit</span> <span class='ocrx_word' id='word_1_164' title='bbox 698 2880 779 2945; x_wconf 90' lang='lat' dir='ltr'>diva</span> <span class='ocrx_word' id='word_1_165' title='bbox 796 2878 946 2965; x_wconf 83' lang='lat' dir='ltr'>polenta.</span> 
     </span>
    </p>

    <p class='ocr_par' dir='ltr' id='par_1_22' title="bbox 103 2983 1216 3177">
     <span class='ocr_line' id='line_1_26' title="bbox 166 2983 1216 3072; baseline 0.003 -26"><span class='ocrx_word' id='word_1_166' title='bbox 166 2983 328 3048; x_wconf 90' lang='lat' dir='ltr'>combibit</span> <span class='ocrx_word' id='word_1_167' title='bbox 343 3006 382 3049; x_wconf 90' lang='lat' dir='ltr'>os</span> <span class='ocrx_word' id='word_1_168' title='bbox 396 2986 560 3061; x_wconf 89' lang='lat' dir='ltr'>maculas,</span> <span class='ocrx_word' id='word_1_169' title='bbox 576 2996 609 3051; x_wconf 91' lang='lat' dir='ltr'>et</span> <span class='ocrx_word' id='word_1_170' title='bbox 624 3006 715 3072; x_wconf 87' lang='lat' dir='ltr'>quae</span> <span class='ocrx_word' id='word_1_171' title='bbox 727 2986 830 3051; x_wconf 90' lang='lat' dir='ltr'>modo</span> <span class='ocrx_word' id='word_1_172' title='bbox 845 2984 1008 3050; x_wconf 88' lang='lat' dir='ltr'>bracchia</span> <span class='ocrx_word' id='word_1_173' title='bbox 1024 2983 1145 3071; x_wconf 81' lang='lat' dir='ltr'>gessit,</span> <span class='ocrx_word' id='word_1_174' title='bbox 1163 3012 1216 3071; x_wconf 80' lang='lat'>455</span> 
     </span>
     <span class='ocr_line' id='line_1_27' title="bbox 103 3090 1080 3177; baseline 0.002 -26"><span class='ocrx_word' id='word_1_175' title='bbox 103 3139 114 3151; x_wconf 91' lang='lat'>.</span> <span class='ocrx_word' id='word_1_176' title='bbox 167 3108 265 3153; x_wconf 90' lang='lat' dir='ltr'>crura</span> <span class='ocrx_word' id='word_1_177' title='bbox 282 3090 390 3177; x_wconf 87' lang='lat' dir='ltr'>gerit;</span> <span class='ocrx_word' id='word_1_178' title='bbox 415 3092 527 3157; x_wconf 87' lang='lat' dir='ltr'>cauda</span> <span class='ocrx_word' id='word_1_179' title='bbox 544 3104 595 3157; x_wconf 86' lang='lat' dir='ltr'>est</span> <span class='ocrx_word' id='word_1_180' title='bbox 611 3092 748 3157; x_wconf 86' lang='lat' dir='ltr'>mutatis</span> <span class='ocrx_word' id='word_1_181' title='bbox 765 3091 880 3158; x_wconf 87' lang='lat' dir='ltr'>addita</span> <span class='ocrx_word' id='word_1_182' title='bbox 897 3091 1080 3156; x_wconf 84' lang='lat' dir='ltr'>membris:</span> 
     </span>
    </p>

    <p class='ocr_par' dir='ltr' id='par_1_23' title="bbox 165 3194 1140 3499">
     <span class='ocr_line' id='line_1_28' title="bbox 165 3194 1108 3286; baseline 0.003 -27"><span class='ocrx_word' id='word_1_183' title='bbox 165 3194 268 3282; x_wconf 91' lang='lat' dir='ltr'>inque</span> <span class='ocrx_word' id='word_1_184' title='bbox 284 3197 422 3263; x_wconf 90' lang='lat' dir='ltr'>brevem</span> <span class='ocrx_word' id='word_1_185' title='bbox 438 3198 598 3275; x_wconf 88' lang='lat' dir='ltr'>formam,</span> <span class='ocrx_word' id='word_1_186' title='bbox 616 3221 660 3264; x_wconf 92' lang='lat' dir='ltr'>ne</span> <span class='ocrx_word' id='word_1_187' title='bbox 677 3199 720 3264; x_wconf 89' lang='lat' dir='ltr'>sit</span> <span class='ocrx_word' id='word_1_188' title='bbox 734 3199 786 3263; x_wconf 92' lang='lat' dir='ltr'>vis</span> <span class='ocrx_word' id='word_1_189' title='bbox 803 3218 930 3286; x_wconf 91' lang='lat' dir='ltr'>magna</span> <span class='ocrx_word' id='word_1_190' title='bbox 946 3196 1108 3273; x_wconf 92' lang='lat' dir='ltr'>nocendi,</span> 
     </span>
     <span class='ocr_line' id='line_1_29' title="bbox 165 3302 1107 3391; baseline 0.001 -25"><span class='ocrx_word' id='word_1_191' title='bbox 165 3302 386 3378; x_wconf 91' lang='lat' dir='ltr'>contrahitur,</span> <span class='ocrx_word' id='word_1_192' title='bbox 404 3324 579 3391; x_wconf 85' lang='lat' dir='ltr'>parvaque</span> <span class='ocrx_word' id='word_1_193' title='bbox 596 3306 708 3370; x_wconf 89' lang='lat' dir='ltr'>minor</span> <span class='ocrx_word' id='word_1_194' title='bbox 725 3326 885 3370; x_wconf 91' lang='lat' dir='ltr'>mensura</span> <span class='ocrx_word' id='word_1_195' title='bbox 901 3306 1029 3370; x_wconf 89' lang='lat' dir='ltr'>lacerta</span> <span class='ocrx_word' id='word_1_196' title='bbox 1046 3314 1107 3368; x_wconf 91' lang='lat' dir='ltr'>est.</span> 
     </span>
     <span class='ocr_line' id='line_1_30' title="bbox 165 3407 1140 3499; baseline 0.003 -29"><span class='ocrx_word' id='word_1_197' title='bbox 165 3407 344 3473; x_wconf 88' lang='lat' dir='ltr'>mirantem</span> <span class='ocrx_word' id='word_1_198' title='bbox 359 3408 567 3497; x_wconf 88' lang='lat' dir='ltr'>flentemque</span> <span class='ocrx_word' id='word_1_199' title='bbox 584 3423 618 3477; x_wconf 89' lang='lat' dir='ltr'>et</span> <span class='ocrx_word' id='word_1_200' title='bbox 632 3424 778 3499; x_wconf 89' lang='lat' dir='ltr'>tangere</span> <span class='ocrx_word' id='word_1_201' title='bbox 794 3425 944 3477; x_wconf 89' lang='lat' dir='ltr'>monstra</span> <span class='ocrx_word' id='word_1_202' title='bbox 960 3421 1140 3497; x_wconf 91' lang='lat' dir='ltr'>parantem</span> 
     </span>
    </p>
   </div>
   <div class='ocr_carea' id='block_1_5' title="bbox 31 3512 1214 4025">
    <p class='ocr_par' dir='ltr' id='par_1_24' title="bbox 31 3512 1214 4025">
     <span class='ocr_line' id='line_1_31' title="bbox 31 3512 1214 3605; baseline 0.003 -29"><span class='ocrx_word' id='word_1_203' title='bbox 31 3514 40 3531; x_wconf 72' lang='lat'><strong><em>⁹</em></strong></span> <span class='ocrx_word' id='word_1_204' title='bbox 108 3574 111 3580; x_wconf 88' lang='grc'><strong>,</strong></span> <span class='ocrx_word' id='word_1_205' title='bbox 164 3512 251 3601; x_wconf 86' lang='lat' dir='ltr'>sugit</span> <span class='ocrx_word' id='word_1_206' title='bbox 267 3534 385 3590; x_wconf 88' lang='lat' dir='ltr'>anum,</span> <span class='ocrx_word' id='word_1_207' title='bbox 404 3517 639 3605; x_wconf 89' lang='lat' dir='ltr'>latebramque</span> <span class='ocrx_word' id='word_1_208' title='bbox 656 3518 759 3604; x_wconf 79' lang='lat' dir='ltr'>petitt</span> <span class='ocrx_word' id='word_1_209' title='bbox 784 3529 968 3604; x_wconf 91' lang='lat' dir='ltr'>aptumque</span> <span class='ocrx_word' id='word_1_210' title='bbox 985 3516 1091 3583; x_wconf 90' lang='lat' dir='ltr'>colori</span> <span class='ocrx_word' id='word_1_211' title='bbox 1160 3530 1214 3597; x_wconf 86' lang='lat'>460</span> 
     </span>
     <span class='ocr_line' id='line_1_32' title="bbox 164 3622 1006 3708; baseline 0.002 -25"><span class='ocrx_word' id='word_1_212' title='bbox 164 3638 288 3685; x_wconf 89' lang='lat' dir='ltr'>nomen</span> <span class='ocrx_word' id='word_1_213' title='bbox 306 3622 422 3697; x_wconf 87' lang='lat' dir='ltr'>habet,</span> <span class='ocrx_word' id='word_1_214' title='bbox 441 3623 544 3691; x_wconf 90' lang='lat' dir='ltr'>variis</span> <span class='ocrx_word' id='word_1_215' title='bbox 560 3624 714 3688; x_wconf 87' lang='lat' dir='ltr'>stellatus</span> <span class='ocrx_word' id='word_1_216' title='bbox 731 3645 874 3708; x_wconf 91' lang='lat' dir='ltr'>corpora</span> <span class='ocrx_word' id='word_1_217' title='bbox 889 3624 1006 3707; x_wconf 87' lang='lat' dir='ltr'>guttis.</span> 
     </span>
     <span class='ocr_line' id='line_1_33' title="bbox 208 3710 1062 3814; baseline 0 -23"><span class='ocrx_word' id='word_1_218' title='bbox 208 3724 307 3811; x_wconf 71' lang='lat' dir='ltr'>Quas</span> <span class='ocrx_word' id='word_1_219' title='bbox 317 3728 391 3793; x_wconf 49' lang='lat' dir='ltr'>‘dea</span> <span class='ocrx_word' id='word_1_220' title='bbox 409 3728 470 3813; x_wconf 80' lang='lat' dir='ltr'>p&#39;er</span> <span class='ocrx_word' id='word_1_221' title='bbox 486 3730 593 3793; x_wconf 85' lang='lat' dir='ltr'>terras</span> <span class='ocrx_word' id='word_1_222' title='bbox 609 3740 643 3793; x_wconf 91' lang='lat' dir='ltr'>et</span> <span class='ocrx_word' id='word_1_223' title='bbox 658 3749 745 3814; x_wconf 92' lang='lat' dir='ltr'>quas</span> <span class='ocrx_word' id='word_1_224' title='bbox 761 3729 924 3793; x_wconf 86' lang='lat' dir='ltr'>erraverit</span> <span class='ocrx_word' id='word_1_225' title='bbox 938 3710 1062 3802; x_wconf 80' lang='lat' dir='ltr'>undas,</span> 
     </span>
     <span class='ocr_line' id='line_1_34' title="bbox 163 3826 1083 3921; baseline -0.003 -25"><span class='ocrx_word' id='word_1_226' title='bbox 163 3831 274 3899; x_wconf 89' lang='lat' dir='ltr'>dicere</span> <span class='ocrx_word' id='word_1_227' title='bbox 292 3834 399 3921; x_wconf 86' lang='lat' dir='ltr'>longa</span> <span class='ocrx_word' id='word_1_228' title='bbox 417 3854 512 3899; x_wconf 87' lang='lat' dir='ltr'>mora</span> <span class='ocrx_word' id='word_1_229' title='bbox 529 3845 592 3899; x_wconf 91' lang='lat' dir='ltr'>est.</span> <span class='ocrx_word' id='word_1_230' title='bbox 643 3832 832 3916; x_wconf 69' lang='lat' dir='ltr'>Quaerenti</span> <span class='ocrx_word' id='word_1_231' title='bbox 849 3829 955 3896; x_wconf 81' lang='lat' dir='ltr'>deluit</span> <span class='ocrx_word' id='word_1_232' title='bbox 970 3826 1083 3896; x_wconf 74' lang='lat' dir='ltr'>orbis:</span> 
     </span>
     <span class='ocr_line' id='line_1_35' title="bbox 41 3928 1085 4025; baseline -0.009 -19"><span class='ocrx_word' id='word_1_233' title='bbox 41 3934 43 3939; x_wconf 66' lang='grc'><strong>’</strong></span> <span class='ocrx_word' id='word_1_234' title='bbox 156 3931 342 4007; x_wconf 81' lang='lat' dir='ltr'>Sicaniam</span> <span class='ocrx_word' id='word_1_235' title='bbox 358 3934 498 4025; x_wconf 82' lang='lat' dir='ltr'>repetit3</span> <span class='ocrx_word' id='word_1_236' title='bbox 524 3941 674 4023; x_wconf 90' lang='lat' dir='ltr'>dumque</span> <span class='ocrx_word' id='word_1_237' title='bbox 691 3936 808 4000; x_wconf 87' lang='lat' dir='ltr'>omnia</span> <span class='ocrx_word' id='word_1_238' title='bbox 822 3937 942 3997; x_wconf 87' lang='lat' dir='ltr'>lustrat</span> <span class='ocrx_word' id='word_1_239' title='bbox 958 3928 1085 4005; x_wconf 79' lang='lat' dir='ltr'>eundo,</span> 
     </span>
    </p>
   </div>
   <div class='ocr_carea' id='block_1_6' title="bbox 0 0 1388 4467">
    <p class='ocr_par' dir='ltr' id='par_1_25' title="bbox 0 0 1388 4467">
     <span class='ocr_line' id='line_1_36' title="bbox 0 0 1388 4467; baseline 0 1"><span class='ocrx_word' id='word_1_240' title='bbox 0 0 1388 4467; x_wconf 95' lang='lat' dir='ltr'> </span> 
     </span>
    </p>
   </div>
  </div>
 </body>
</html>
