2767 4467
179 268 243 356 176
545 265 696 335 Skorter
717 265 853 334 Poems.
1073 283 1223 356 [τηεψ

175 467 293 545 Nunc,
312 468 341 534 si
357 468 442 534 sorte
458 475 554 554 potes
573 463 654 552 (sed
670 486 740 531 non
756 473 866 549 potes,
884 462 1013 550 optima
1030 464 1223 554 conjunx),

220 574 340 640 Finitis
357 574 472 662 gaude
488 584 535 638 tot
551 572 634 636 mihi
651 564 759 637 morte
776 569 888 635 malis.

176 680 282 763 Quod
298 693 407 767 potes,
426 691 575 745 extenua
591 676 667 743 sorti
684 677 777 742 mala
793 676 897 740 corde
914 675 1071 752 serendo,

218 786 277 852 Ad
291 807 381 874 quae
393 785 600 875 jampridem
617 805 685 848 non
704 783 788 848 rude
805 793 923 867 pectus
941 783 1060 847 habes.

174 890 289 980 Atque
305 892 435 957 utinam
452 903 593 978 pereant
609 890 746 954 animae
763 909 841 952 cum
858 908 1000 972 corpore
1017 899 1169 964 nostrae,

219 999 441 1087 Effugiatque
458 997 578 1062 avidos
593 1017 674 1084 pars
690 993 773 1059 mihi
791 994 885 1058 nulla
902 993 1027 1082 rogos!
1193 1014 1235 1068 60

173 1105 268 1172 Nam
285 1106 314 1170 si
331 1116 437 1172 morte
455 1125 577 1169 carens
593 1122 705 1168 vacua
721 1101 813 1165 volat
828 1100 916 1166 altus
932 1099 966 1164 in
983 1121 1069 1166 aura

220 1211 378 1298 Spiritus,
396 1223 429 1276 et
445 1210 555 1276 Samii
571 1220 650 1274 suut
665 1220 738 1273 rata
757 1207 847 1273 dicta
863 1207 968 1282 senis,

173 1318 267 1385 Inter
283 1316 492 1383 Sarmaticas
509 1315 671 1381 Romana
686 1313 869 1401 vagabitur
885 1314 1038 1390 umbras,

218 1424 353 1511 Perque
369 1427 459 1488 feros
476 1443 595 1486 manes
612 1419 748 1506 hospita
763 1439 900 1504 semper
916 1419 991 1484 erit.

174 1530 264 1597 Ossa
280 1540 395 1594 tamen
412 1527 514 1595 facito
529 1547 637 1615 parva
655 1525 846 1592 reserantur
861 1524 897 1589 in
912 1546 1022 1590 urnas
1192 1547 1232 1618 ⁶5

218 1635 279 1702 Sic
295 1657 364 1725 ego
379 1657 447 1700 non
464 1633 565 1700 etiam
584 1643 737 1698 mortuus
753 1632 852 1716 exsul
869 1652 939 1698 ero.

173 1742 255 1810 Nou
268 1752 359 1808 vetat
374 1743 441 1807 hoc
452 1739 633 1827 quisquam
646 1761 656 1801 z
673 1738 812 1804 fratrem
825 1737 996 1808 Thebana
1008 1753 1231 1832 peremptum

218 1848 406 1934 Subposuit
421 1847 552 1912 tumulo
568 1867 652 1934 rege
669 1857 803 1912 vetante
821 1868 929 1913 soror.

171 1955 286 2043 Atque
302 1976 344 2020 ea
360 1975 440 2020 cum
455 1953 545 2019 soliis
561 1963 595 2018 et
609 1952 739 2019 amomi
755 1954 897 2041 pulvere
915 1954 1033 2034 misce,

218 2063 326 2150 Inque
343 2061 540 2128 suburbano
556 2060 695 2126 condita
712 2082 801 2147 pone
817 2062 905 2128 solo.
1190 2097 1231 2152 70

175 2169 339 2256 Quosque
356 2169 450 2258 legat
465 2189 584 2234 versus
601 2169 702 2234 oculo
719 2181 924 2254 properante
939 2169 1062 2249 viator,

215 2275 414 2342 Grandibus
430 2274 465 2340 iu
482 2274 567 2340 tituli
586 2297 756 2343 marmore
772 2276 880 2342 caede
897 2277 1006 2344 notis:

172 2402 233 2448 suc
255 2402 328 2448 eoo
351 2403 415 2466 Qu
433 2401 548 2467 Jnceo
572 2401 809 2466 Teuuuouuu
832 2403 953 2450 Lusou
974 2404 1136 2452 monum

216 2510 369 2556 melculo
388 2481 494 2556 -Puun
517 2489 622 2556 ano
647 2509 771 2555 POETA
794 2509 894 2556 uuo:

170 2618 221 2664 Ατ
244 2619 320 2665 'r1131
342 2619 406 2686 Qu
422 2619 577 2666 Tunusls
600 2618 650 2665 ΝΕ
674 2619 732 2666 s1T
756 2618 883 2664 σωκ
904 2619 1071 2686 Qmswrs
1085 2619 1230 2682 Amsn

215 2727 353 2773 mercius
376 2706 539 2774 anoms
564 2726 760 2773 uoumnu
783 2726 871 2773 ossA
893 2727 1053 2774 cusum.

173 2813 250 2879 Hoc
267 2814 348 2880 satis
364 2815 398 2879 in
414 2815 512 2880 titulo
528 2827 600 2889 est3
625 2815 751 2881 etenim
770 2815 899 2904 majora
916 2815 1023 2881 libelli

216 2919 259 2983 Et
275 2919 433 2984 diuturna
452 2921 563 3008 magis
578 2930 658 2986 sunt
674 2921 884 2988 monimenta
900 2921 997 2997 mihi,

172 3021 270 3108 Qios
286 3046 352 3110 ego
369 3026 516 3101 confido,
535 3027 691 3113 quamvis
710 3049 871 3105 nocuere,
889 3030 1028 3096 daturos

215 3130 354 3197 Nomen
370 3144 403 3198 et
420 3132 549 3198 auctori
564 3143 719 3219 tempora
735 3136 842 3222 longa
859 3158 932 3202 suo.

170 3237 226 3303 Tu
243 3251 356 3303 tamen
374 3238 542 3304 exstincto
558 3238 678 3304 feralia
696 3262 838 3306 munera
855 3264 993 3328 semper

216 3344 338 3432 Deque
354 3345 420 3409 tuis
436 3345 587 3410 lacrimis
605 3346 747 3412 humida
763 3360 852 3414 serta
870 3349 970 3414 dato:

172 3447 343 3534 Quamvis
359 3450 392 3514 in
410 3450 542 3516 cineres
559 3473 684 3536 corpus
702 3453 882 3519 mutaverit
898 3454 1004 3544 ignis,

216 3555 348 3621 Sentiet
363 3556 513 3621 officium
532 3569 661 3622 maesta
679 3558 796 3624 favilla
813 3559 920 3645 pium.

171 3660 331 3727 Scribere
348 3663 446 3747 plura
463 3663 555 3734 libet,
573 3664 634 3728 sed
651 3685 720 3728 vox
738 3665 820 3730 mihi
838 3651 928 3734 fessa
944 3669 1115 3756 loquendo
1190 3691 1227 3756 85

216 3767 378 3833 Dictundi
394 3769 484 3833 vires
500 3769 660 3855 siccaque
676 3769 796 3858 lingua
813 3785 929 3860 negat.

170 3872 303 3958 Accipe
319 3895 480 3958 supremo
496 3874 624 3938 dictum
642 3875 723 3939 mihi
742 3877 882 3944 forsitan
899 3901 971 3955 ore,

217 3977 335 4062 Quod,
353 3978 412 4043 tibi
428 3978 486 4064 qui
505 3978 614 4053 mittit,
632 4001 700 4045 non
719 3981 822 4047 habet
836 3982 924 4069 ipse,
941 3986 1063 4052 VALE!
