2767 4467
184 284 228 371 58
484 284 520 352 Τ
513 285 555 351 ha
584 284 621 352 Τ
614 284 669 350 ale
691 284 741 371 os
752 282 942 351 Arethusa.
1092 297 1235 370 [Mam

184 481 272 547 sicut
287 502 396 558 eram,
415 481 510 570 fugio
526 481 600 548 sine
614 481 765 547 vestibus
778 502 787 543 r
811 481 917 545 altera
933 488 1046 545 vestes

184 588 258 672 ripa
276 608 371 653 meas
388 588 527 652 hahuit:
551 598 644 653 tanto
661 586 774 674 magis
790 585 904 660 instat,
923 597 957 649 et
973 586 1081 652 ardet.

183 694 233 758 sic
251 715 316 781 ego
333 694 525 768 currebam,
544 693 595 758 sic
611 714 665 757 me
682 693 774 757 ferus
790 692 848 756 ille
865 693 1055 776 premebat,

183 811 219 863 ut
236 799 356 887 sugere
373 798 570 884 accipitrem
588 818 701 883 penna
718 798 910 883 trepidante
929 799 1122 879 columbae,
1182 820 1235 891 605

182 918 219 970 ut
234 906 321 970 solet
337 905 498 990 accipiter
513 904 664 990 trepidas
679 924 830 991 urguere
846 905 1036 973 columbas.

182 1032 291 1098 usque
308 1013 372 1077 sub
389 1010 646 1085 Orchomenon,
666 1009 925 1099 Psophidaque,
943 1012 1199 1101 Cyllenenque,
1267 1093 1270 1098 y
1352 1104 1358 1115 .

183 1116 444 1204 Maenaliosque
461 1118 569 1193 sinus,
588 1116 811 1205 gelidumque
827 1118 1079 1206 Erymanthon,
1096 1133 1130 1186 et
1152 1122 1234 1186 Elin
1258 1113 1264 1120 ’

182 1246 319 1291 currere
336 1223 500 1299 sustinui;
525 1243 591 1288 nec
608 1244 663 1288 me
679 1223 830 1289 velocior
846 1225 916 1290 ille.
960 1259 972 1282 s
1132 1303 1135 1307 ι

229 1332 324 1397 ‘Sed
341 1332 486 1397 tolerare
503 1330 561 1395 diu
578 1352 699 1396 cursus
716 1350 796 1420 ego,
813 1331 942 1398 viribus
957 1333 1082 1418 impar,
1131 1376 1135 1381 -
1180 1352 1235 1406 610

181 1461 249 1504 uon
266 1451 420 1525 poteram
434 1461 443 1500 ι
467 1437 562 1525 longi
580 1438 714 1524 patiens
730 1451 803 1504 erat
818 1439 876 1505 ille
892 1440 1028 1505 laboris.

181 1568 242 1631 per
258 1558 373 1611 tamen
390 1557 423 1612 et
438 1565 593 1631 campos,
612 1567 673 1630 per
688 1558 825 1631 opertos
841 1547 962 1612 arbore
979 1544 1124 1624 montes,

181 1674 266 1717 saxa
282 1674 419 1741 quoque
436 1663 469 1718 et
485 1674 588 1739 rupes
606 1665 639 1718 et
654 1674 722 1739 qua
738 1652 793 1717 via
810 1652 920 1728 nulla,
937 1653 1085 1719 cucurri}

180 1760 231 1826 ἐὀΙ
248 1773 320 1826 erat
337 1782 356 1825 a
374 1774 493 1849 tergo
516 1760 586 1826 vidi
603 1761 811 1880 praecedere
827 1759 968 1846 longam

180 1880 259 1934 ante
278 1869 382 1954 pedes
399 1869 614 1933 umbram-
569 1866 688 1931 -nisi
706 1866 734 1931 si
750 1866 850 1931 timor
867 1866 926 1931 illa
941 1865 1134 1932 videbat-
1178 1885 1231 1954 ⁶¹5

180 1976 240 2041 sed
260 1987 351 2041 certe
367 1975 566 2061 sonitusque
583 1974 710 2060 pedum
727 1974 888 2048 terrebat,
905 1984 939 2038 et
953 1972 1077 2062 ingens

179 2084 326 2150 crinales
343 2083 441 2147 vittas
460 2082 610 2147 adflabat
626 2082 796 2146 anhelitus
812 2080 893 2147 oris.

178 2192 269 2256 sessa
286 2190 404 2255 labore
421 2189 539 2277 fugae,
557 2187 633 2253 Fer
648 2194 760 2275 apem,
778 2187 1041 2275 deprendirnur,
1059 2162 1215 2274 inquh'm,
1279 2198 1282 2205 '

177 2300 389 2385 armigerae,
408 2297 603 2384 Dictynna,
621 2298 715 2371 tuac,
733 2296 794 2359 cai
804 2301 908 2382 saepe
922 2295 1052 2359 dedaste*

164 2406 275 2491 ferra
290 2416 365 2471 tuas
381 2426 484 2471 arcus
501 2405 702 2489 arcturaque
717 2403 787 2466 tela
796 2402 985 2489 pharetra.
1177 2418 1233 2473 620

223 2513 343 2580 ‘Mota
360 2513 425 2578 dea
442 2523 505 2587 est,
524 2510 711 2598 spissisque
727 2509 841 2574 serens
857 2529 876 2574 e
892 2508 1040 2598 nubibus
1054 2527 1161 2573 unam
1182 2544 1207 2596 g
1236 2497 1241 2510 ’

176 2642 232 2686 rne
249 2619 494 2708 superinjecit.
544 2616 992 2703 Lustratcaliginetectam
1099 2642 1101 2646 ·
1178 2647 1181 2652 >

176 2727 300 2802 amnis,
318 2738 352 2792 et
367 2727 511 2815 ignarus
527 2725 657 2790 circum
674 2744 762 2788 cava
777 2722 896 2787 nubila
912 2720 1063 2840 quaerit3

175 2833 296 2920 bisque
312 2834 440 2908 locum,
460 2854 528 2919 quo
545 2853 600 2896 me
618 2831 683 2896 dea
699 2839 844 2904 texerat,
861 2827 989 2893 inscius
1005 2826 1138 2903 ambit,

175 2951 209 3004 et
223 2940 276 3005 bis
292 2940 335 3005 Io
350 2937 553 3005 Arethusa!
574 2936 617 3004 Io
632 2934 835 3004 Arethusa!
857 2934 1004 2999 vocavit.
1174 2950 1229 3019 6²5

174 3047 256 3135 quid
275 3045 357 3111 mihi
381 3056 463 3111 tunc
487 3044 591 3111 animi
616 3043 764 3109 miserae
787 3038 871 3106 suit?
895 3061 984 3106 anne
1000 3038 1092 3126 quod
1112 3060 1229 3127 agnae
1283 3058 1287 3062 ·

308 3162 372 3229 est,
1295 3145 1300 3151 ’

174 3262 271 3349 siqua
287 3262 387 3347 lupos
405 3257 498 3325 audit
515 3257 643 3325 circum
659 3257 795 3323 stabula
810 3256 880 3323 alta
895 3251 1101 3320 frementes?

174 3380 232 3435 aut
248 3368 369 3455 lepori,
388 3366 447 3455 qui
463 3388 567 3451 vepre
584 3366 695 3431 latens
711 3364 846 3431 hostilia
863 3361 971 3428 cernit

172 3496 233 3541 ora
252 3496 390 3550 canum,
411 3474 590 3558 nullosque
607 3472 712 3537 audet
726 3470 809 3565 dare
825 3488 968 3554 corpore
985 3463 1120 3531 motus?
1150 3489 1170 3553 p
1190 3539 1193 3545 ¹

219 3580 323 3647 ‘Non
341 3592 455 3646 tamen
473 3578 646 3653 abscedit;
672 3575 892 3664 nequeenim
908 3572 1053 3661 vestigia
1072 3572 1181 3637 cernit

172 3688 311 3775 longius
326 3689 397 3752 ulla
413 3687 562 3772 pedum:
587 3695 701 3749 servat
716 3684 911 3769 nubemque
927 3683 1122 3769 locumque.

172 3804 318 3880 occupat
334 3794 492 3859 obsessos
508 3791 612 3856 sudor
628 3788 712 3853 mihi
728 3789 873 3877 frigidus
890 3800 996 3864 artuS,

173 3900 420 3984 caeruleaeque
438 3897 565 3961 cadunt
580 3906 649 3959 toto
665 3895 709 3959 de
726 3915 868 3978 corpore
885 3906 1012 3981 guttae.

173 4024 308 4091 quaque
324 4004 448 4090 pedem
466 4000 570 4078 movi,
589 4010 707 4065 manat
721 3999 831 4075 lacus,
849 4020 938 4087 eque
952 4000 1087 4087 capillis
