2767 4467
178 209 241 301 156
545 212 695 280 Skorter
717 214 852 280 Poems.
1106 231 1223 304 [Fssrr

175 410 279 477 Alma
296 404 409 486 Pales,
430 411 548 477 faveas
564 411 713 497 pastoria
729 432 828 477 sacra
845 411 996 490 canenti,

219 517 413 603 Prosequor
428 516 540 582 officio
557 516 585 582 si
602 529 659 582 tua
677 519 761 582 festa
778 517 848 605 pio.

174 624 277 690 Certe
293 643 360 709 ego
377 623 421 687 de
436 623 543 687 vitulo
559 623 710 688 cinerem
726 623 937 713 stipulasque
953 625 1076 693 t'abalis
1174 657 1230 715 7²5

219 730 334 816 Saepe
351 729 411 794 tuli
429 729 531 814 plena
552 728 689 814 (februa
706 733 821 816 casta)
841 753 959 798 manu.

174 837 277 903 Certe
294 857 360 924 ego
375 835 530 901 transilui
548 835 674 921 positas
690 847 742 902 ter
758 837 792 902 in
809 839 929 906 ordine
944 841 1114 919 flammas,

219 943 367 1030 Udaque
383 954 514 1008 roratas
531 944 648 1008 laurea
666 943 757 1009 misit
774 966 894 1033 aquas.

174 1050 271 1115 Mota
288 1050 353 1116 dea
370 1063 433 1126 est,
451 1049 614 1137 operique
631 1050 743 1117 favet:
768 1055 949 1120 navalibus
965 1055 1034 1132 exi,

218 1155 369 1244 Puppis!
394 1158 522 1223 habent
539 1170 656 1225 ventos
668 1160 742 1250 jam
759 1183 837 1228 mea
853 1162 930 1228 vela
947 1183 1036 1227 suos.
1174 1191 1230 1248 730

173 1264 205 1341 I,
222 1277 299 1351 pete
315 1266 484 1354 virginea,
502 1268 664 1353 populus,
683 1269 842 1335 suffimen
860 1270 904 1334 ab
920 1291 1000 1334 ara:

216 1371 326 1438 Vesta
340 1373 455 1448 dabit;
479 1373 608 1441 Vestae
625 1398 768 1442 munere
784 1398 891 1463 purus
908 1378 986 1442 eris.

172 1478 325 1568 Sanguis
341 1481 419 1568 equi
437 1481 595 1548 suffimen
613 1483 688 1558 erit,
707 1483 871 1570 vitulique
889 1483 1018 1559 favilla,

217 1587 334 1653 Tertia
351 1611 405 1653 res
422 1590 529 1654 durae
547 1590 684 1655 culmen
702 1590 805 1655 inane
822 1590 935 1654 sabae.

172 1693 305 1770 Pastor,
323 1717 405 1762 oves
421 1709 556 1762 saturas
573 1697 616 1761 ad
633 1697 744 1783 prima
762 1696 963 1782 crepuscula
980 1695 1108 1760 lustra:
1175 1725 1228 1782 735

217 1801 321 1867 Unda
338 1803 433 1890 pri-us
449 1814 604 1892 spargat,
621 1803 789 1892 virgaque
806 1811 918 1868 verrat
934 1802 1090 1866 humum.

171 1907 365 1974 Frondibus
381 1921 415 1975 et
429 1911 508 1976 fixis
525 1913 728 1976 decorentur
744 1908 847 1976 ovilia
864 1908 981 1986 ramiS,

216 2014 261 2080 Et
274 2024 370 2104 tegat
384 2028 522 2082 ornatas
538 2017 644 2105 longa
661 2037 788 2082 corona
805 2015 908 2081 t'ores.

171 2115 333 2188 Caerulei
350 2124 433 2189 liant
448 2124 526 2189 vivo
543 2125 586 2189 de
602 2124 767 2209 sulphure
785 2121 881 2199 sumi,

214 2228 394 2318 Tectaque
410 2231 555 2296 fumanti
572 2230 736 2317 sulphure
752 2230 844 2295 balet
859 2229 946 2296 ovis.
1175 2257 1230 2313 740

171 2335 244 2401 Ure
259 2359 372 2403 mares
388 2338 496 2414 oleas,
514 2338 734 2423 taedamque,
753 2336 946 2422 herbasque
963 2333 1123 2412 Sabinas,

215 2443 260 2509 Et
275 2455 391 2531 crepet
406 2445 442 2509 in
458 2445 580 2509 mediis
596 2443 714 2508 laurus
731 2443 852 2507 adusta
869 2441 965 2507 focis.
1059 2473 1061 2478 ·

171 2549 329 2638 Libaque
344 2552 389 2617 de
406 2550 500 2616 milio
516 2549 601 2615 milii
618 2548 749 2614 fiscella
766 2559 946 2635 sequetur:

216 2656 361 2724 Rustica
378 2657 564 2744 praecipue
581 2666 632 2722 est
648 2656 716 2750 hoc
733 2655 798 2720 dea
815 2654 905 2719 laeta
922 2653 1011 2719 cibo.

170 2761 273 2829 Adde
285 2765 394 2850 dapes
406 2764 655 2849 mulctramque
667 2782 764 2837 suas,
778 2760 992 2848 dapibusque
1004 2759 1144 2826 resectis
1175 2790 1227 2848 745

217 2869 417 2936 Silvicolam
433 2869 550 2955 tepido
566 2870 655 2934 lacte
671 2889 815 2955 precare
830 2867 952 2933 Palen.

177 2974 324 3040 Consule
343 2975 436 3066 (dic)
448 2977 578 3064 pecori
582 2977 728 3062 pariter
737 2975 945 3062 pecorisque
959 2971 1139 3060 magistris
1146 2993 1159 3037 .·

215 3083 382 3172 Effugia!
394 3083 539 3149 stabulis
554 3104 648 3148 noxa
664 3081 807 3170 repulsa
823 3081 918 3146 meos.

171 3189 257 3257 Sane
269 3215 370 3282 socrp
379 3194 484 3282 pavi,
500 3193 617 3258 sedroe
631 3192 692 3257 sub
710 3191 837 3256 arbore
851 3210 967 3264 sacra,

215 3299 453 3386 Pabulaquee
469 3299 575 3366 bustis
591 3300 700 3364 r'nscia
717 3320 780 3364 car
805 3298 851 3361 sii
866 3297 958 3374 ovis,·
1177 3322 1232 3380 750

171 3403 348 3472 sinemus
364 3408 501 3471 intravi
512 3409 667 3483 vettium,
685 3406 856 3471 nostrisve
860 3404 1019 3489 fugatae

217 3512 309 3578 Sunt
324 3513 430 3578 oculis
446 3513 629 3600 nymphae,
646 3514 880 3598 seun'coperve
895 3509 999 3587 deors,·

172 3617 219 3684 Si
230 3642 305 3682 mco
310 3619 400 3703 falx
415 3641 514 3684 ramo
531 3618 644 3684 lucum
659 3618 827 3705 spolrovit
842 3622 963 3703 opaco,

224 3723 323 3791 Unde
337 3725 421 3789 data
437 3733 487 3789 est
501 3744 631 3808 aegrae
634 3724 765 3807 fiscina
775 3723 920 3802 frondis
936 3721 1013 3800 ovi,·

171 3830 234 3897 Da
249 3833 386 3893 ventum
401 3828 537 3916 culpae,
555 3848 628 3903 noc,
646 3829 727 3891 dum
744 3827 995 3913 degrandinat,
1013 3826 1103 3892 obsit
1178 3856 1230 3913 755

216 3935 461 4022 Agrestifano
476 3933 694 4020 supposuisse
703 3938 823 4019 pem.
