2767 4467
164 288 229 381 164
543 288 693 357 Skorter
715 289 850 358 Poems.
1023 305 1205 376 [Hieromus

163 488 329 577 Quisquis
347 487 391 555 ad
406 488 495 554 haec
509 487 609 554 vertit
623 487 843 576 peregrinam
859 486 972 553 littora
987 485 1147 574 puppim,

206 595 270 662 Ille
286 597 370 660 mihi
386 597 429 661 de
445 607 478 661 te
495 597 601 661 multa
618 606 760 683 rogatus
776 595 866 660 abit:
1036 615 1039 621 “
1179 608 1217 662 60

162 701 347 790 Qamque
363 701 424 768 tibi
439 700 572 778 reddat,
590 701 619 768 si
635 713 669 768 te
686 702 789 768 modo
805 701 927 768 viderit
943 721 1103 788 usquam,

205 809 369 875 Traditur
385 809 465 874 huic
481 808 597 898 digitis
610 810 731 875 charta
747 821 871 876 novata
887 808 983 875 meis.

160 916 235 983 Nos
252 916 376 1004 Pylon,
394 916 522 1004 antiqui
539 915 666 985 Neleia
681 917 837 983 Nestoris
854 936 948 992 arva,

204 1023 386 1090 Misimus:
411 1024 541 1090 incerta
557 1035 608 1088 est
624 1025 717 1089 tama
734 1023 877 1089 remissa
892 1022 992 1110 Pylo.

159 1129 320 1196 Misimus
336 1143 370 1197 et
385 1130 554 1217 Sparten:
580 1129 705 1217 Sparte
719 1152 857 1218 quoque
871 1130 989 1196 nescia
1003 1127 1087 1196 veri.
1179 1150 1217 1220 ⁶5

206 1235 306 1324 Qus
321 1237 456 1302 habitas
472 1247 593 1313 terras,
611 1247 670 1301 aut
685 1236 743 1301 ubi
760 1237 871 1301 lentus
887 1235 991 1302 abes?

159 1342 285 1409 Utilius
301 1355 429 1409 starent
445 1343 547 1410 etiam
564 1364 657 1409 nunc
672 1343 809 1410 moenia
827 1342 970 1410 Phoebi.

204 1449 338 1516 Irascor
352 1450 439 1516 votis
455 1450 522 1515 heu
538 1450 624 1516 levis
641 1449 717 1536 ipsa
734 1448 839 1515 meisl

158 1556 291 1623 Scirem
307 1556 366 1623 ubi
384 1577 572 1646 pugnares,
591 1567 624 1622 et
638 1567 770 1622 tautum
786 1556 877 1622 bella
892 1556 1059 1634 timerem,

202 1661 246 1728 Et
263 1685 338 1729 mea
356 1685 435 1729 curn
452 1664 566 1730 multis
578 1664 697 1753 juncta
714 1664 854 1751 querela
870 1663 967 1729 soret.
1178 1696 1215 1750 70

159 1768 253 1857 Quid
270 1771 422 1848 timeam,
440 1771 584 1860 ignor03
608 1771 711 1838 timeo
728 1782 842 1836 tamen
858 1770 974 1836 omnia
990 1771 1148 1849 demens,

202 1877 247 1942 Et
261 1890 354 1963 patet
369 1879 403 1943 in
420 1900 521 1946 curas
536 1900 618 1945 area
634 1879 704 1944 lata
719 1899 825 1944 meas.

158 1981 408 2073 Qaecumque
419 2007 547 2072 aequor
557 1986 672 2060 habet,
681 2005 919 2072 quaecumque
929 1983 1081 2069 pericula
1090 1985 1211 2062 tellus,

201 2089 290 2154 Tam
306 2092 433 2180 longae
450 2113 573 2157 causas
589 2091 744 2175 suspicor
759 2112 834 2158 esse
852 2111 979 2158 morae.

157 2195 256 2262 Haec
273 2218 340 2286 ego
356 2199 439 2265 dum
456 2199 555 2265 stulte
572 2208 700 2275 metuo,
717 2219 806 2286 quae
821 2207 935 2264 vestra
950 2197 1056 2265 libido
1072 2209 1135 2276 est,
1175 2229 1211 2287 75

201 2302 288 2370 Esse
304 2306 488 2395 peregrino
504 2317 624 2393 captus
641 2327 757 2372 amore
774 2316 883 2390 potes.

156 2410 314 2477 Forsitan
331 2423 364 2478 et
380 2435 511 2489 narres,
529 2434 634 2500 quam
650 2413 693 2478 sit
709 2412 768 2478 tibi
785 2412 910 2478 rustica
927 2412 1089 2502 conjunx,

202 2517 305 2604 Qae
320 2530 451 2586 tautum
467 2521 566 2586 lanas
581 2542 651 2586 non
666 2520 756 2587 sinat
770 2541 847 2586 esse
863 2521 978 2586 rudes.

155 2624 285 2704 Fallar,
303 2638 337 2694 et
353 2630 419 2694 hoc
435 2629 566 2695 crimen
582 2640 702 2695 tenues
717 2639 881 2695 vanescat
895 2626 930 2693 in
947 2647 1062 2705 auras,

199 2732 312 2811 Neve,
331 2736 521 2802 revertendi
539 2737 637 2812 liber,
655 2738 776 2814 abesse
793 2732 898 2801 velisl
1172 2756 1210 2810 30

154 2838 216 2906 Me
233 2854 329 2928 pater
345 2843 475 2910 Icarius
490 2846 593 2912 viduo
610 2846 787 2912 discedere
803 2845 890 2911 lecto

199 2946 315 3036 Cogit,
334 2961 367 3017 et
382 2950 568 3017 immensas
584 2951 862 3041 increpatusque
880 2973 1006 3021 moras.

153 3052 313 3142 Increpet
328 3080 436 3146 usque
453 3059 551 3125 licet:
577 3070 636 3125 tua
651 3084 741 3136 sum,
760 3074 818 3128 tua
834 3062 930 3128 dicar
945 3070 1095 3148 oportet3

198 3159 372 3251 Penelope
388 3166 540 3255 conjunx
555 3157 692 3254 semper
707 3169 823 3236 Ulixis
839 3191 911 3236 ero.

153 3266 218 3334 Ille
233 3280 349 3336 tamen
365 3271 489 3358 pietate
506 3295 584 3338 mea
600 3276 827 3364 precibusque
844 3277 978 3363 pudicis
1170 3298 1206 3366 85

196 3373 394 3464 Frangitur,
412 3390 445 3446 et
460 3379 550 3445 vires
565 3391 732 3468 temperat
748 3383 821 3469 ipse
837 3407 929 3452 suas.

151 3479 304 3548 Dulichii
322 3483 499 3572 Samiique
515 3498 549 3553 et
564 3509 650 3575 quos
666 3491 742 3556 tulit
757 3493 825 3558 alta
841 3493 1053 3582 Zacynthos,

195 3589 317 3655 Turba
331 3602 433 3657 ruunt
447 3592 483 3656 in
500 3614 555 3660 me
571 3594 746 3662 luxuriosa
764 3601 878 3684 proci;

150 3692 261 3780 Inque
276 3705 335 3761 tua
351 3709 510 3785 regnant,
528 3701 631 3766 nullis
649 3704 921 3788 prohibentibus,
941 3709 1041 3774 aula:

194 3797 338 3866 Viscera
355 3813 483 3879 nostra,
500 3815 580 3871 tuae
596 3807 828 3876 dilacerantur
843 3835 940 3899 opes.
1004 3888 1006 3892 .
1167 3849 1204 3902 90

151 3901 246 3987 Quid
263 3907 323 3972 tibi
339 3906 543 3975 Pisandrum
561 3911 802 4002 Polybumque
818 3917 1053 4008 Medontaque
1069 3922 1185 3988 dirum

195 4009 474 4101 Eurymachique
490 4016 609 4084 avidas
624 4015 834 4108 Antinoique
850 4045 973 4091 manus
