2767 4467
146 286 219 342 Xlll.
232 290 303 362 345]
549 283 768 350 Philoclem.
1122 301 1137 346 1
1145 297 1182 368 ²7

144 463 291 533 criminer
314 473 464 555 vidistis,
483 480 663 566 pretioque
678 479 811 568 objecta
826 479 1001 566 patebant.

180 569 250 637 Nec
264 574 508 649 Poeantiaden
523 587 616 672 quod
633 587 736 650 habet
750 585 922 652 Vulcania
939 584 1104 664 Lemnos,

141 696 206 742 esse
220 699 296 746 reus
312 689 447 752 merui:
475 691 605 757 factum
622 691 794 756 defendite
810 703 982 768 vestrum

141 787 344 856 consensistis
360 795 472 860 enim.
523 797 602 864 Nec
618 817 673 861 me
689 797 838 864 suasisse
855 799 1006 887 negabo,
1132 829 1182 884 3¹5

139 899 169 952 ut
183 911 216 954 se
232 893 447 967 subtraheret
463 902 615 989 bellique
629 902 775 989 viaeque
791 903 913 980 labori,

120 1079 125 1090 .
138 1005 371 1088 temptaretque
388 1007 487 1074 seros
503 1009 621 1095 requie
637 1008 745 1075 lenire
761 1009 919 1076 dolores:

137 1103 249 1183 paruit,
265 1117 299 1172 et
313 1109 413 1177 vivit.
465 1114 550 1179 Non
565 1116 653 1178 haec
668 1116 836 1182 sententia
853 1127 984 1182 tantum

136 1207 209 1282 fida,
225 1212 284 1278 sed
300 1225 335 1282 et
351 1217 464 1296 felix3
489 1241 568 1286 cum
585 1220 629 1286 sit
643 1221 738 1298 satis,
757 1243 833 1288 esse
849 1223 1001 1290 fidelem.

135 1334 226 1398 quem
242 1321 411 1405 quoniam
425 1336 527 1393 vates
541 1327 691 1394 delenda
703 1328 748 1394 ad
763 1327 935 1418 Pergama
953 1339 1110 1416 poscunt,
1131 1360 1183 1415 320

135 1439 174 1483 ne
188 1426 348 1493 mandate
365 1432 457 1497 rnihi
468 1454 490 1495 r.
504 1432 626 1499 melius
641 1433 866 1501 Telamonius
883 1435 957 1512 ibit,

135 1524 329 1619 eloquioque
344 1536 465 1603 virum
481 1539 610 1606 morbis
624 1540 743 1628 iraque
759 1541 927 1608 furentem

135 1634 265 1713 molliet,
283 1653 345 1707 aut
362 1645 483 1734 aliqua
499 1646 665 1731 producet
679 1647 825 1713 callidus
841 1660 926 1713 arte.

135 1751 205 1805 ante
220 1755 310 1814 retro
327 1747 465 1818 Simois
479 1752 574 1828 fluet,
591 1764 625 1818 et
639 1753 715 1818 sine
731 1752 908 1819 frondibus
925 1753 987 1821 Ide

135 1847 238 1925 stabit,
256 1863 291 1918 et
306 1859 482 1923 auxilium
498 1858 668 1944 promittet
681 1857 820 1924 Achaia
835 1859 976 1948 Trojae‚
1132 1891 1181 1948 323

134 1971 244 2037 quam,
262 1975 428 2030 cessante
443 1985 523 2030 meo
539 1986 601 2050 pro
615 1964 737 2031 vestris
752 1977 889 2051 pectore
905 1969 1021 2046 rebus,

135 2055 246 2147 Ajacis
262 2070 383 2137 stolidi
399 2070 535 2137 Danais
550 2070 700 2137 sollertia
715 2071 832 2158 prosit.

135 2164 178 2230 sis
191 2167 270 2238 licet
283 2173 435 2243 infestus
451 2176 568 2254 sociis,
584 2177 741 2266 regique,
758 2178 926 2266 mihique,

136 2270 214 2340 dure
229 2276 446 2350 Philoctete:
471 2283 552 2349 licet
566 2304 759 2361 exsecrere,
776 2306 961 2373 meumque

136 2377 302 2455 devoveas
318 2392 396 2457 sine
412 2391 482 2456 line
498 2401 614 2477 caput,
633 2389 819 2479 cupiasque
835 2391 963 2458 dolenti
1133 2423 1185 2478 330

137 2503 188 2550 me
203 2490 261 2557 tibi
277 2495 367 2562 forte
383 2496 471 2572 dari,
489 2507 711 2583 nostrumque
727 2497 865 2562 haurire
881 2518 1059 2574 cruoremt

135 2601 233 2680 utque
249 2602 299 2667 tui
315 2602 416 2678 mihi,
434 2602 485 2668 sic
500 2603 561 2668 liat
574 2602 635 2668 tibi
650 2602 751 2687 copia
766 2602 893 2669 nostri:

136 2704 166 2760 te
181 2710 295 2774 tamen
313 2709 515 2798 aggrediar,
535 2729 738 2796 mecumque
754 2709 918 2776 reducere
934 2709 1043 2786 nitar3

135 2811 271 2896 tamque
286 2815 356 2880 tuis
372 2815 495 2900 potiar,
513 2815 628 2880 faveat
644 2815 808 2891 Fortuna,
827 2815 973 2903 sagittis,

137 2926 237 2993 quarn
254 2939 334 2984 sum
350 2918 540 2994 Dardanio,
558 2939 661 3006 quern
678 2917 768 3004 cepi,
785 2929 863 2985 vate
879 2919 1024 3006 potitus3
1133 2951 1184 3007 335

136 3033 238 3100 quam
253 3046 422 3111 responsa
437 3026 541 3092 deum
556 3025 778 3115 Troianaque
795 3024 864 3090 fata
880 3025 1007 3100 retexi3

138 3141 238 3208 quam
253 3132 354 3218 rapui
371 3131 546 3221 Phrygiae
560 3133 703 3221 signum
720 3131 894 3218 penetrale
911 3130 1091 3199 Minervae

138 3227 290 3304 hostibus
306 3260 326 3303 e
341 3239 476 3304 mediis.
524 3237 570 3304 Et
583 3261 622 3304 se
638 3238 722 3304 mihi
740 3249 917 3324 comparat
930 3234 1047 3324 Ajaxi

139 3355 261 3429 nempe
278 3345 355 3432 capi
371 3343 514 3433 Trojam
530 3344 758 3431 prohibebant
773 3344 842 3409 sata
858 3343 932 3408 sine
949 3342 1027 3408 illis.

182 3449 317 3516 ‘Fortis
333 3451 392 3516 ubi
407 3461 460 3516 est
474 3448 590 3538 Ajax?
614 3449 673 3514 ubi
690 3461 769 3516 sunt
783 3449 937 3537 ingentia
954 3447 1073 3535 magni
1135 3479 1187 3530 340

139 3556 240 3622 verba
256 3556 344 3622 viri?
366 3577 429 3621 cur
445 3557 502 3621 hic
518 3553 662 3620 metuis?
686 3575 748 3618 cur
765 3557 867 3620 audet
883 3555 1007 3621 Ulixes

140 3653 185 3724 ire
200 3686 263 3750 per
278 3663 458 3736 excubias,
475 3672 561 3726 etse
577 3659 787 3725 committere
805 3659 917 3726 nocti?

36 3832 38 3841 ,,
139 3784 264 3859 perque
279 3770 373 3836 seros
389 3789 490 3834 enses
505 3786 574 3830 non
591 3775 723 3829 tantum
740 3764 876 3829 moenia
893 3765 1040 3838 Troum,

36 3912 37 3917 κ
140 3890 252 3944 verum
268 3874 376 3943 etiam
392 3891 545 3939 summas
562 3889 659 3934 arces
674 3868 815 3941 intrare,
833 3888 964 3953 suaque

35 3952 36 3973 Χ
139 3982 265 4073 eripere
282 3981 373 4048 aede
388 3980 505 4051 deam,
521 3986 723 4061 raptamque
739 3970 875 4034 adferre
891 3994 953 4054 per
969 3967 1107 4034 hostes?
1137 3997 1187 4051 345
