2767 4467
137 288 187 343 lv.
202 286 279 359 784]
443 268 479 335 Τ
472 269 514 335 he
535 268 727 357 Marriage
748 267 918 335 Festr‘val.
1148 280 1193 357 47.

136 488 227 533 nunc
243 482 384 553 quoque
401 464 539 531 curaliis
555 465 677 531 eadem
693 475 815 529 natura
831 464 1007 543 remansit,
1142 492 1194 549 750

137 574 296 639 duritiam
312 582 405 637 tacto
422 570 559 655 capiant
574 582 611 635 ut
627 572 670 637 ab
686 576 780 646 aere,
798 572 958 657 quodque

135 680 251 745 vimen
269 679 304 742 in
322 698 472 764 aequore
490 687 573 752 erat,
593 677 653 741 fiat
668 698 772 763 super
787 698 937 763 aequora
953 699 1092 743 saxum.

89 822 93 829 ·
181 786 245 851 Dis
262 785 370 849 tribus
387 784 445 848 ille
462 782 556 847 socos
573 782 713 848 totidem
729 784 774 847 de
790 782 917 865 cespite
934 784 1042 868 ponit,

136 891 273 955 laevum
291 888 481 964 Mercurio,
501 889 659 953 dextrum
676 887 750 964 tibi,
768 888 893 953 bellica
908 888 1039 977 Virgor

32 1020 35 1024 ·
137 1018 197 1062 ara
208 996 306 1083 Jovis
324 996 437 1061 media
453 1006 525 1061 est:
550 1004 719 1059 mactatur
734 1014 842 1059 vacca
859 992 1053 1074 Minervae,
1139 1026 1190 1085 755

137 1102 265 1187 alipedi
281 1103 420 1177 vitulus,
439 1112 555 1167 taurus
572 1099 646 1175 tibi,
665 1120 799 1165 summe
816 1100 971 1165 deorum.

136 1209 291 1295 protinus
307 1206 557 1275 Andromedan
572 1217 606 1271 et
621 1205 706 1271 tanti
723 1204 877 1291 praemia
893 1205 974 1271 sacti

136 1314 289 1380 indotata
306 1314 406 1400 rapit.
454 1313 594 1379 Taedas
613 1310 841 1399 Hymenaeus
856 1308 1034 1399 Amorque

137 1421 374 1507 praecutiunt3
399 1420 507 1507 largis
523 1420 688 1486 satiantur
704 1418 865 1485 odoribus
880 1417 993 1507 ignes,

137 1538 297 1615 sertaque
313 1526 509 1612 dependent
524 1527 632 1602 tectis,
651 1537 685 1591 et
701 1524 827 1613 ubique
843 1525 1009 1613 lyraeque
1139 1544 1192 1612 760

136 1634 289 1722 tibiaque
307 1643 340 1698 et
355 1645 489 1709 cantus,
506 1633 612 1699 animi
628 1632 743 1699 felicia
760 1631 840 1697 laeti

138 1751 356 1827 argumenta,
375 1750 509 1807 sonant.
559 1739 738 1805 Reseratis
753 1760 858 1805 aurea
874 1738 984 1806 valvis

138 1848 224 1911 atria
241 1856 309 1911 tota
327 1857 456 1931 patent,
475 1846 689 1932 pulchroque
706 1845 871 1911 instructa
888 1859 1009 1936 paratu

138 1952 297 2039 Cepheni
314 1973 473 2039 proceres
489 1953 608 2019 ineunt
624 1951 781 2019 convivia
797 1952 902 2043 regis.

183 2059 371 2146 Postquam
388 2059 497 2144 epulis
514 2058 620 2125 suncti
637 2059 797 2148 generosi
813 2081 956 2126 munere
971 2059 1103 2127 Bacchi
1138 2075 1189 2148 7⁶5

139 2166 311 2259 diffudere
324 2165 470 2241 animos,
489 2167 666 2253 cultusque
683 2188 861 2255 genusque
872 2167 1032 2233 ‘locorum

138 2272 272 2359 quaerit
288 2270 477 2359 Lyncides,
497 2293 676 2359 moresque
694 2262 918 2365 animumque
933 2273 1106 2350 virorum3

140 2378 197 2465 qui
215 2378 316 2443 simul
333 2378 481 2454 edocuit,
501 2377 641 2455 ‘Nunc,
661 2378 695 2446 Ο
710 2378 916 2456 fortissime?
932 2380 1018 2447 dixit

140 2486 236 2550 ‘sare
253 2506 387 2571 precor,
405 2484 546 2561 Persou,
565 2497 693 2573 quanta
709 2486 844 2563 virtute,
861 2487 1054 2575 quibusque
1137 2515 1191 2570 770

138 2592 267 2656 artibus
284 2591 464 2657 abstuleris
481 2591 601 2658 crinita
618 2592 825 2659 draconibus
841 2592 927 2658 ora)

136 2708 253 2761 narrat
268 2696 487 2785 Agenorides
502 2698 618 2786 gelido
635 2699 699 2764 sub
715 2697 855 2765 Atlante
867 2699 1040 2788 jacentem

137 2823 214 2868 esse
230 2802 344 2869 locum
362 2802 491 2869 solidae
507 2816 614 2871 tutum
633 2804 822 2871 munimine
838 2807 952 2885 molis,

136 2909 236 2997 cujus
251 2910 286 2974 in
302 2909 439 2975 introitu
456 2911 615 2999 geminas
631 2912 805 2979 habitasse
821 2936 955 2982 sorores

136 3014 339 3092 Phorcidas,
357 3016 459 3083 unius
475 3018 616 3103 partitas
632 3018 773 3085 luminis
790 3042 911 3087 usum:
1138 3051 1189 3111 775

135 3121 171 3186 id
189 3142 225 3186 se
242 3121 369 3187 sollerti
387 3122 514 3201 furtim,
533 3125 615 3190 dum
633 3125 790 3203 traditur,
809 3140 884 3194 astu

135 3228 311 3314 subposita
326 3226 460 3316 'cepisse
477 3252 603 3306 manu3
630 3255 760 3321 perque
777 3236 892 3302 abdita
909 3237 1014 3326 longe

135 3335 305 3422 deviaque
322 3346 355 3401 et
370 3335 466 3402 silvis
482 3338 655 3405 horrentia
672 3362 758 3407 saxa
774 3340 922 3431 fragosis

136 3440 342 3529 Gorgoneas
358 3443 510 3532 tetigisse
529 3447 670 3522 domest
696 3448 892 3537 passimque
909 3471 970 3534 per
987 3471 1089 3537 agros

136 3569 265 3634 perque
281 3548 356 3615 vias
373 3551 500 3618 vidisse
518 3554 693 3619 hominum
712 3553 897 3620 simulacra
914 3555 1131 3640 setarumque

135 3654 171 3718 in
188 3656 318 3722 silicem
337 3681 381 3725 ex
398 3660 481 3745 ipsis
496 3660 570 3725 visa
587 3680 754 3726 conversa
770 3658 940 3726 Medusa:

135 3784 174 3827 se
190 3774 303 3830 tamen
322 3768 514 3833 horrendae
531 3766 645 3851 clipei,
663 3766 756 3853 quod
772 3766 872 3829 laeva
889 3765 1043 3848 gerebat,

136 3891 216 3935 aere
232 3894 449 3959 repercusso,
466 3873 612 3937 formam
630 3869 808 3954 aspexisse
823 3867 1015 3936 Medusne3

136 3978 289 4066 dumque
307 3976 426 4067 gravis
442 3996 583 4043 somnus
600 3973 828 4054 colubrasque
844 3969 1023 4050 ipsamque
1038 3962 1186 4034 tenebat,
