2767 4467
175 248 216 322 72
405 236 477 303 Tre
499 236 774 316 Errebantments
796 236 845 321 os
856 234 999 301 Medea.
1078 254 1226 327 [Mamm.

174 433 419 520 custodemque
436 434 555 499 rudem
573 432 684 499 somni·
701 431 849 519 sopistis,
867 442 905 497 et
918 453 1041 497 aurum

174 540 309 607 vindice
327 539 470 625 decepto
483 539 613 605 *Graias
630 539 768 605 misistis
780 539 820 603 'in
837 539 954 605 urbes.

221 645 349 710 ‘Nunc
361 666 447 731 opus
461 657 511 713 est
526 646 637 721 sucis,
646 666 708 732 per
719 666 806 732 quos
818 656 982 709 renovata
998 655 1157 713 senectus
1175 680 1206 719 21
1211 677 1226 734 ς

174 751 210 817 in
227 752 345 816 florem
362 753 490 827 redeat,
509 752 705 838 primosque
722 750 902 838 recolligat
915 771 1040 817 annos·
1102 771 1104 773 ·
1213 781 1229 801 ’-

175 870 208 924 et
223 858 368 933 dabitis;
392 878 504 943 neque
521 858 612 923 enim
625 858 822 923 micuerunt
836 856 950 922 sidera
967 858 1105 934 frustra,

174 985 240 1029 nec
257 964 379 1029 frustra
395 965 573 1029 volucrum
590 974 722 1029 tractus·
734 963 868 1030 cervice
884 964 1074 1029 draconum

176 1092 295 1137 currus
312 1071 430 1137 adest’
475 1069 609 1137 Aderat
624 1068 797 1137 demissus
811 1071 856 1135 ab
872 1070 1011 1135 aethere
1026 1090 1160 1137 currus.

221 1175 303 1262 Ouo
318 1177 419 1243 simul
436 1178 602 1254 ascendit,
621 1177 823 1265 frenataque
839 1177 1135 1243 colladraconum
1174 1210 1227 1250 220

174 1282 366 1371 permulsit,
383 1284 610 1371 manibusque
627 1284 721 1349 leves
738 1282 881 1377 agitavit
897 1283 1073 1348 hahenast

175 1389 330 1456 sublimis
346 1389 489 1475 rapitur,
507 1390 732 1479 subjectaque
745 1389 918 1455 Thessala
933 1388 1071 1475 Tempe
1119 1443 1121 1446 .

174 1495 331 1581 despicit,
350 1506 382 1560 et
397 1494 553 1562 Threces
569 1495 768 1583 regionibus
785 1494 937 1580 applicat
951 1516 1107 1582 angues3

175 1613 207 1667 et
222 1623 309 1688 quas
325 1600 415 1666 Ossa
431 1602 518 1676 tulit,
537 1623 623 1688 quas
640 1600 882 1666 altum.Pelion
899 1601 1041 1677 herbaar

175 1708 304 1795 Othrys
320 1729 406 1796 quas
423 1706 622 1795 Pindusque
638 1719 672 1775 et
687 1707 799 1773 Pindo
816 1707 925 1796 major
942 1707 1127 1795 Olympus,
1173 1738 1225 1795 2²5

173 1815 347 1903 perspicit,
366 1828 399 1882 et
414 1816 557 1901 placitas
574 1816 698 1901 partim
715 1815 831 1881 radice
849 1815 993 1891 revellit,
1028 1840 1040 1863 -·
1084 1870 1089 1873 .
1129 1868 1134 1878 .
1176 1848 1179 1851 ⁴

173 1923 296 2009 partim
313 1922 458 1988 succidit
473 1923 672 1989 curvamine
688 1922 786 1988 salcis
802 1925 923 1986 aenae.
1038 1943 1052 1986 ,·

72 2018 77 2027 ’
173 2029 280 2093 multa
296 2048 431 2115 quoque
448 2027 601 2114 Apidani
619 2029 823 2114 placuerunt
839 2027 999 2115 gramina
1014 2026 1110 2115 ripis,

174 2137 278 2200 multa
290 2156 425 2223 quoque
436 2132 626 2221 Amphrysi
639 2158 646 2210 ;
665 2156 777 2223 neque
789 2154 868 2201 eras
879 2134 1053 2211 immunis,
1066 2133 1223 2221 Enipeuv

172 2262 324 2306 necnon
340 2240 491 2316 Peneus,
510 2263 659 2309 necnon
677 2240 908 2328 Spercheides
925 2242 1039 2306 undae
1172 2273 1225 2328 230

172 2347 386 2413 contribuere
403 2348 545 2435 aliquid,
561 2346 776 2436 iuncosaque
794 2347 891 2412 litora
904 2344 1071 2412 Boebes..

173 2454 299 2540 carpsit
315 2465 348 2520 et
363 2453 518 2519 Euboica
534 2453 638 2527 vivax
654 2453 862 2520 Anthedone
879 2475 1038 2541 gramen,

171 2563 323 2629 nondum
341 2573 469 2628 mutato
485 2562 663 2649 vulgatum
679 2582 824 2647 corpore
840 2560 976 2627 Glauci.

216 2669 260 2735 Et
272 2669 343 2757 jam
361 2690 452 2735 nona
469 2669 542 2735 dies
557 2689 660 2735 curru
676 2667 867 2755 pennisque
881 2668 1086 2745 draconum,
1196 2721 1200 2725 a

170 2798 330 2864 nonaque
347 2799 417 2843 nox
432 2778 552 2843 omnes
568 2777 769 2843 lustrantem
786 2776 918 2841 viderat
933 2796 1049 2864 agros,
1170 2808 1221 2866 235

171 2904 249 2951 cum
267 2884 385 2951 rediit:
410 2906 521 2971 neque
537 2896 634 2949 erant
646 2884 741 2959 tacti,
766 2882 830 2949 nisi
846 2884 965 2959 odore,
983 2884 1164 2962 dracones,

169 3002 334 3058 ettamen
351 3012 504 3056 annosae
520 2991 645 3075 pelletn
664 3011 809 3075 posuere
826 3001 997 3055 senectae.

170 3098 317 3165 constitit
334 3098 521 3163 adveniens
538 3096 622 3162 citra
639 3096 813 3184 limenque
828 3098 1002 3185 foresque,
1095 3178 1098 3182 ¹
1118 3174 1121 3184 Ι

171 3215 205 3270 et
219 3215 351 3271 tanturn
369 3206 465 3270 caelo
482 3203 621 3292 tegitur,
639 3203 833 3291 refugitque
848 3204 965 3269 viriles

170 3321 366 3385 contactus3
392 3310 572 3397 statuitque
590 3330 667 3375 aras
684 3331 703 3375 e
720 3308 849 3395 cespite
864 3308 978 3385 binas,
1088 3308 1093 3311 ’
1170 3342 1223 3396 240

170 3416 362 3484 dexteriore
380 3416 543 3492 Hecates,
563 3427 615 3481 ast
630 3416 730 3482 laeva
746 3427 843 3502 parte
853 3414 1036 3503 Juventae.

216 3522 291 3590 Has
308 3523 364 3589 ubi
382 3523 540 3588 verbenis
557 3522 711 3610 silvaque
727 3521 870 3588 incinxit
886 3523 1028 3610 agresti,

170 3630 263 3695 haud
279 3629 397 3714 procul
414 3639 531 3717 egesta
549 3628 727 3697 scrobibus
742 3630 864 3694 tellure
880 3630 1014 3694 duabus

171 3756 269 3800 sacra
286 3735 378 3811 facit,
397 3738 591 3822 cultrosque
608 3735 642 3799 in
660 3746 798 3821 guttura
813 3735 950 3800 velleris
967 3734 1031 3801 atri

171 3841 307 3916 conicit,
326 3851 359 3906 et
375 3842 508 3925 patulas
525 3840 699 3926 perfundit
714 3840 884 3926 sanguine
900 3841 1021 3907 fossas.
1171 3872 1220 3931 ²45

65 3984 69 3989 ·
169 3956 241 4011 turn
259 3967 361 4031 super
377 3946 561 4033 invergens
578 3945 696 4032 liquidi
714 3945 891 4011 carchesia
907 3947 1045 4025 bacchi,
