2767 4467
150 249 314 321 X111.143.]
484 231 603 322 Reply
626 233 674 320 os
693 235 842 322 Ulysses.
1129 253 1189 302 121

149 449 203 490 nec
218 429 360 513 clipeus,
376 431 468 496 vasti
485 431 637 497 caelatus
653 430 808 518 imagine
823 431 957 508 mundi,
1143 465 1194 505 110

148 534 314 599 conveniet
329 535 475 602 timidae
491 548 661 623 nataeque
678 539 722 603 ad
739 538 827 603 furta
844 537 1014 606 sinistrae.

147 639 391 707 debilitaturum
407 643 493 730 quid
509 654 543 708 te
559 644 658 729 petis,
676 643 845 729 improbe,
864 642 1013 711 munus?

87 743 91 756 “
146 747 228 830 quod
243 746 300 811 tibi
318 749 346 813 si
363 751 487 835 populi
504 750 682 814 donaverit
698 771 793 816 error
807 749 949 827 Achivi,

147 871 202 916 cur
216 854 371 937 spolieris
388 856 467 932 erit,
486 877 555 920 non
571 877 633 920 cur
648 855 812 921 metuaris
829 856 872 922 ab
890 857 1009 924 hoste:

146 970 175 1022 et
190 958 281 1047 fuga,
298 983 370 1048 qua
386 963 463 1026 sola
480 975 633 1037 cunctos,
650 961 881 1039 timidissime,
899 963 1021 1042 vincis,
1143 994 1191 1052 115

129 1066 233 1131 tarda
249 1066 364 1133 sutura
381 1069 443 1133 tibi
460 1080 512 1134 est
527 1069 719 1156 gestamina
738 1079 831 1134 tanta
849 1071 1010 1137 trahenti.

186 1171 307 1239 ‘Adde
324 1176 421 1261 quod
438 1175 501 1240 iste
516 1188 607 1248 tuus,
625 1187 694 1239 tarn
711 1195 790 1239 raro
807 1176 937 1261 proelia
953 1199 1089 1264 passus,

144 1278 268 1367 integer
284 1293 338 1347 est
353 1281 508 1367 clipeus:
533 1292 662 1357 nostro,
679 1280 739 1368 qui
755 1281 825 1348 tela
840 1282 982 1351 serendo

53 1467 57 1476 Ι
144 1387 229 1452 mille
244 1398 339 1473 patet
356 1388 483 1476 plagis,
502 1409 612 1454 novus
629 1399 680 1453 est
696 1407 875 1455 successor
891 1390 1082 1456 habendus.

145 1493 297 1582 denique,
316 1495 403 1582 quid
418 1494 532 1560 verbis
547 1515 635 1579 opus
651 1491 724 1559 est?
770 1494 975 1581 Spectemur
991 1495 1148 1586 agendo!

146 1620 234 1664 arma
250 1601 315 1666 viri
332 1601 430 1666 sortis
446 1600 578 1666 medios
595 1601 770 1667 mittantur
786 1601 822 1667 in
839 1603 974 1669 hostes:

146 1707 218 1772 inde
230 1708 350 1795 jubete
368 1709 449 1794 peti,
467 1719 502 1773 et
516 1710 721 1774 referentem
738 1720 857 1774 ornate
873 1709 1013 1776 relatis.’

185 1813 341 1880 Finierat
355 1814 547 1880 Telamone
563 1826 670 1889 satus,
689 1815 854 1903 vulgique
871 1829 1024 1884 secutum

24 1945 29 1954 ·
145 1920 258 1986 ultima
276 1943 432 1987 murmur
447 1932 540 1996 erat3
565 1922 677 1987 donec
691 1920 852 1988 Liiertius
868 1923 969 1990 heros

147 2029 256 2103 astitit,
274 2040 379 2116 atque
393 2029 512 2094 oculos
528 2029 670 2114 paulurn
687 2028 807 2096 tellure
825 2042 973 2096 moratos
1146 2058 1194 2116 1²5

147 2137 276 2202 sustulit
293 2138 338 2202 ad
353 2156 527 2221 proceres,
544 2147 793 2223 expectatoque
810 2137 949 2204 resolvit

147 2263 204 2307 ora
219 2264 325 2317 son03
351 2262 464 2329 neque
480 2242 577 2307 abest
591 2241 749 2309 facundis
765 2242 877 2331 gratia
893 2243 1005 2310 dictis.

192 2359 200 2390 ‘
215 2349 254 2415 Si
272 2371 348 2415 mea
365 2370 446 2414 cum
461 2349 583 2416 vestris
598 2347 786 2415 valuissent
801 2360 895 2424 vota,
913 2349 1067 2438 Pelasgi,

148 2479 215 2523 non
229 2459 316 2524 foret
330 2457 516 2544 ambiguus
532 2439 616 2522 tanti
632 2457 829 2523 certaminis
846 2458 958 2534 heres,

148 2574 250 2651 tuque
265 2565 331 2630 tuis
348 2565 466 2640 armis,
484 2575 595 2630 noste
612 2575 818 2649 poteremur,
837 2563 989 2630 Achille.
1014 2643 1017 2652 ¹
1150 2593 1198 2648 130

85 2723 89 2731 ,
150 2692 249 2756 quem
265 2671 429 2759 quoniam
445 2691 514 2735 non
531 2678 642 2756 aequa
660 2669 744 2735 mihi
760 2668 926 2757 vobisque
942 2681 1113 2759 negarunt

150 2776 242 2854 fata‚’
257 2798 431 2863 manuque
448 2776 548 2841 simul
566 2774 670 2840 veluti
687 2775 901 2841 lacrimantia
917 2777 1011 2842 tersit

151 2884 279 2950 lumina
298 2884 399 2970 ‘quis
416 2904 547 2972 magno
563 2882 685 2948 melius
703 2883 866 2948 succedat
881 2881 1024 2957 Achilli,

152 3013 253 3078 quam
270 3011 451 3078 perquem
468 3011 617 3078 magnus
634 2988 768 3054 Danais
785 2992 949 3056 successit
964 2986 1143 3055 Achilles?

154 3099 231 3163 huic
247 3098 350 3163 modo
366 3118 410 3163 ne
427 3097 545 3183 prosit,
563 3098 668 3183 quod,
683 3095 732 3160 uti
749 3105 815 3172 est,
832 3097 939 3162 hebes
954 3117 1030 3161 esse
1047 3095 1200 3161 videtur:

153 3225 239 3270 neve
251 3201 336 3268 mihi
347 3215 482 3281 noceat,
500 3205 591 3290 quod
607 3204 705 3270 vobis
721 3223 871 3288 semper,
888 3201 1028 3277 Achivi,

154 3312 278 3396 proluit
292 3311 491 3398 ingenium3
516 3331 662 3397 meaque
679 3311 768 3375 haec
784 3308 959 3382 facundia,
979 3308 1076 3394 siqua
1093 3319 1156 3382 est,

155 3437 241 3502 quae
258 3437 352 3480 nunc
368 3437 430 3501 pro
446 3415 598 3489 domino,
616 3436 678 3500 pro
693 3415 791 3480 vobis
808 3435 912 3500 saepe
931 3413 1043 3478 locuta
1061 3422 1124 3487 est,

155 3522 282 3588 invidia
299 3533 435 3594 careat3
459 3522 549 3585 bona
565 3541 630 3584 nec
646 3541 709 3584 sua
726 3520 870 3607 quisque
888 3529 1035 3585 recuset.

200 3628 317 3694 ‘Nam
335 3649 446 3714 genus
463 3638 496 3691 et
511 3647 657 3712 proavos
673 3639 706 3691 et
722 3648 811 3713 quae
828 3649 897 3692 non
915 3627 1060 3691 lecimus
1078 3625 1156 3710 ipsi,

154 3736 212 3798 vix
229 3755 271 3799 ea
286 3745 402 3799 nostra
417 3753 516 3796 voco.
564 3732 758 3808 Sedenim,
776 3733 856 3820 quia
873 3733 999 3797 rettulit
1016 3731 1110 3821 Ajax

157 3862 231 3906 esse
242 3839 341 3927 Jovis
357 3859 541 3924 pronepos,
559 3838 665 3903 nostri
681 3859 818 3925 quoque
834 3838 1015 3924 sanguinis
1035 3848 1153 3902 auctor

154 3946 309 4033 Juppiter
325 3955 388 4020 est,
404 3943 611 4029 totidemque
628 3943 759 4030 gradus
775 3943 940 4005 distamus
958 3945 1001 4004 ab
1017 3943 1089 4004 illo.
