2767 4467
158 313 223 386 140
388 293 460 361 Tre
494 286 640 361 Wr‘sdom
664 295 713 381 os
725 293 833 382 King
850 292 987 364 Numa.
1062 313 1218 386 [Mnrnu.

155 513 199 558 ne
215 489 330 567 facite,
347 501 381 557 et
396 491 533 558 monitis
550 491 683 558 animos
700 491 864 558 advertite
881 491 1026 558 nostris:
1159 525 1220 577 140

156 619 302 686 cumque
318 598 422 663 boum
440 597 563 662 dabitis
579 619 759 664 caesorum
776 599 930 662 membra
947 599 1074 684 palato,

157 706 320 771 mandere
336 726 398 769 vos
414 715 544 770 vestros
560 705 642 770 scite
658 715 692 771 et
707 703 827 770 sentite
844 704 997 770 colonos.

202 823 211 853 ⁴
228 811 284 888 Et,
298 811 462 899 quoniam
479 810 564 875 deus
580 831 641 875 ora
654 821 781 886 movet,
796 831 920 896 sequar
936 831 996 877 ora
1013 822 1217 878 moventem

156 917 218 984 rite
236 919 352 994 deum,
372 917 598 1003 Delphosque
614 938 709 982 rneos
726 917 907 1004 ipsumque
923 918 1100 983 recludam

158 1027 297 1091 aethera
313 1036 347 1091 et
363 1036 530 1113 augustae
546 1023 709 1088 reserabo
724 1024 865 1088 oracula
882 1023 1013 1090 mentis.
1160 1056 1218 1112 145

120 1118 123 1123 ’
158 1154 298 1222 magna,
318 1153 383 1198 nec
398 1131 547 1220 ingeniis
565 1128 754 1217 evestigata
771 1130 936 1215 priorum,

156 1259 314 1327 quaeque
329 1239 388 1304 diu
404 1239 548 1314 latuere,
566 1257 704 1303 canam.
748 1235 854 1323 Juvat
868 1235 917 1302 ire
933 1258 996 1324 per
1012 1238 1080 1304 alta

157 1358 269 1420 astra;
290 1345 388 1433 juvat
402 1344 500 1411 terris
516 1356 549 1411 et
563 1343 663 1409 inerti
679 1342 762 1408 sede
778 1342 896 1408 relicta

157 1452 249 1516 nube
263 1451 355 1526 vehi,
371 1450 545 1538 validique
561 1449 713 1516 humeris
730 1447 886 1514 insistere
901 1447 1071 1526 Atlantis;

157 1558 379 1644 palantesque
396 1556 553 1622 homines
569 1556 699 1642 passim
715 1575 758 1621 ac
774 1555 914 1621 rationis
930 1568 1073 1644 egentes
1159 1587 1219 1642 150

157 1663 356 1749 despectare
373 1663 505 1749 procul,
522 1663 741 1749 trepidosque
758 1660 956 1750 obitumque
971 1662 1128 1728 timentes
1192 1655 1198 1665 ’

156 1769 207 1835 sic
223 1769 409 1846 exhortari,
427 1769 618 1856 seriemque
633 1768 792 1835 evolvere
809 1767 881 1832 sati.

205 1875 262 1941 ‘O
279 1896 390 1963 genus
406 1876 582 1941 attonitum
600 1875 736 1963 gelidae
754 1873 935 1940 formidine
952 1874 1090 1946 mortis!

157 1981 240 2069 quid
257 1981 382 2069 Styga,
400 1981 481 2068 quid
498 1982 657 2046 tenebras
673 1993 706 2048 et
723 1980 862 2047 nomina
879 2002 970 2048 vana
985 1982 1122 2058 timetis,

159 2087 335 2153 materiem
350 2099 480 2163 vatum,
498 2088 643 2175 salsique
660 2089 812 2174 pericula
831 2087 973 2154 mundi?
1162 2119 1214 2176 ¹55

158 2215 302 2280 corpora
318 2195 390 2260 sive
407 2215 513 2282 rogus
528 2194 681 2270 flamma,
700 2215 761 2262 seu
777 2195 856 2260 tabe
872 2205 1023 2262 vetustas

158 2300 346 2377 abstulerit,
365 2300 456 2365 mala
473 2323 574 2387 posse
590 2301 659 2387 pati
677 2322 747 2366 non
763 2301 833 2365 ulla
851 2301 988 2386 putetis.

157 2417 266 2472 morte
282 2417 399 2473 carent
415 2407 563 2483 animae,
581 2429 798 2494 semperque,
817 2406 929 2494 priore
944 2407 1061 2474 relicta

158 2515 252 2590 sede,
271 2513 368 2581 novis
384 2514 543 2580 domibus
558 2514 676 2578 vivunt
692 2513 915 2601 habitantque
932 2525 1101 2601 receptae.

156 2621 232 2706 ipse
248 2641 315 2709 ego
327 2657 372 2670 -
384 2641 466 2685 nam
482 2620 680 2686 memini-
691 2619 835 2708 Trojani
851 2632 1005 2707 tempore
1021 2622 1102 2689 belli
1160 2640 1213 2696 160

156 2725 367 2792 Panthoides
383 2725 591 2812 Euphorbus
608 2747 718 2802 eram,
736 2727 791 2793 cui
808 2739 948 2813 pectore
964 2730 1138 2816 quondam

158 2833 268 2898 haesit
283 2833 318 2898 in
335 2832 480 2898 adverso
495 2833 612 2920 gravis
628 2822 726 2898 hasta
744 2833 884 2902 minoris
901 2834 1057 2903 Atridae.

157 2937 304 3027 cognovi
321 2937 485 3022 clipeum,
501 2938 621 3003 laevae
637 2940 832 3027 gestamina
848 2953 998 3019 nostrae,

155 3065 267 3130 nuper
282 3041 451 3109 Abanteis
466 3044 595 3129 templo
607 3043 755 3131 Juuonis
771 3047 807 3113 in
823 3047 942 3138 Argis.

203 3162 212 3193 ‘
228 3149 355 3216 Omnia
371 3160 564 3216 mutantur:
589 3151 675 3217 nihil
691 3154 817 3221 interit.
867 3156 979 3233 Errat,
994 3166 1027 3222 et
1043 3155 1138 3222 illinc
1161 3173 1210 3242 ¹⁶5

157 3258 226 3324 huc
240 3256 346 3332 venit,
365 3257 446 3323 hinc
461 3257 555 3334 illuc,
573 3269 608 3325 et
622 3261 794 3347 quoslibet
809 3273 955 3348 occupat
972 3273 1064 3328 artus

155 3363 306 3449 spiritus,
324 3384 411 3451 eque
427 3363 508 3430 seris
525 3367 677 3432 humana
695 3367 730 3432 in
746 3388 890 3454 corpora
906 3368 1039 3444 transit,

155 3472 258 3557 inque
275 3469 365 3537 seras
381 3482 509 3549 noster,
527 3496 593 3540 nec
608 3487 763 3560 tempore
780 3475 912 3560 deperit
927 3475 1010 3540 ullo.

154 3588 259 3664 utque
276 3577 373 3643 novis
388 3577 501 3646 facilis
518 3581 675 3669 signatur
691 3602 772 3647 cera
788 3581 921 3669 figuris,

155 3704 221 3748 nec
236 3696 351 3752 manet
367 3697 405 3752 ut
421 3689 545 3763 suerat,
562 3707 630 3754 nee
645 3688 774 3754 formas
791 3698 905 3753 servat
920 3689 1076 3762 easdem,
1160 3719 1208 3769 170

155 3788 217 3854 sed
233 3802 348 3858 tamen
364 3793 440 3879 ipsa
456 3793 577 3859 eadem
595 3805 659 3870 est,
674 3793 825 3858 animam
842 3793 892 3859 sic
908 3815 1046 3880 semper
1061 3795 1207 3865 eandem

156 3915 245 3973 esse,
263 3898 324 3964 sed
341 3898 376 3963 in
393 3897 507 3963 varias
522 3898 631 3964 doceo
648 3898 798 3985 migrare
814 3899 958 3986 figuras.

154 4023 240 4090 ergo
253 4039 298 4052 -
309 4023 375 4068 nec
390 4001 499 4088 pietas
515 4003 557 4067 sit
572 4003 661 4068 victa
678 4002 840 4087 cupidine
856 4005 1039 4070 ventris-
