2767 4467
192 303 256 395 146
426 303 498 370 The
531 303 690 391 Worskip
713 302 762 388 of
773 301 1014 391 AEsculaprics.
1094 319 1255 392 [Mum.

188 501 372 569 concilium
389 484 581 589 Graiosque
597 511 713 587 patres
729 499 859 577 adiere,
877 501 1079 589 darentque,
1192 519 1256 586 645

187 631 340 684 oravere,
361 609 478 683 deum,
497 607 555 694 qui
571 628 736 693 praesens
753 608 874 672 funera
890 607 1004 696 gentis

186 718 282 780 finiat
297 714 499 780 Ausoniae:
525 725 635 778 certas
652 714 699 779 ita
715 714 830 779 dicere
846 727 967 780 sortes.

231 823 384 888 Dissidet
400 832 434 888 et
448 821 558 886 variat
573 820 763 895 sententia3
788 842 937 909 parsque
953 821 1157 910 negandum

186 951 255 994 non
272 941 367 1016 putat
383 929 572 1002 auxilium3
598 927 694 992 multi
711 927 870 1004 retinere,
889 949 1057 1017 suamque

186 1056 256 1099 non
273 1034 424 1099 emittere
441 1054 555 1119 opem,
576 1052 641 1097 nec
657 1031 800 1103 numina
816 1032 950 1098 tradere
963 1033 1125 1098 suadent.
1190 1047 1255 1124 650

186 1142 268 1206 dum
284 1123 452 1216 dubitant,
471 1161 584 1206 seram
601 1138 765 1225 pepulere
780 1139 986 1225 crepus'cula
1000 1139 1128 1215 lucem,

185 1249 375 1336 umbraque
390 1247 521 1313 telluris
538 1247 698 1330 tenebras
713 1243 897 1312 induxerat
911 1245 1007 1311 orbi:

185 1375 264 1418 cum
280 1355 365 1421 deus
382 1355 416 1419 in
433 1354 563 1420 somnis
579 1353 690 1439 opifer
705 1352 890 1418 consistere
906 1351 1001 1418 visus

184 1472 263 1527 ante
279 1473 387 1538 tuum,
407 1461 581 1536 Romane,
600 1471 725 1535 torum,
744 1458 805 1524 sed
821 1459 933 1546 qualis
951 1459 986 1523 in
1002 1459 1091 1524 aede

184 1588 261 1632 esse
277 1568 374 1644 solet,
392 1567 622 1652 baculumque
639 1577 760 1631 tenens
777 1577 914 1654 agreste
930 1565 1080 1644 sinistra,
1187 1581 1248 1652 655

183 1674 373 1739 caesariem
388 1675 515 1762 longae
532 1674 653 1739 dextra
670 1671 842 1738 deducere
858 1673 1001 1751 barbae,

183 1790 217 1844 et
232 1781 368 1865 placido
384 1781 470 1846 tales
487 1779 639 1845 emittere
655 1789 793 1863 pectore
810 1799 935 1844 voces:

230 1885 350 1952 ‘Pone
375 1898 506 1961 metus3
539 1885 690 1963 veniam,
716 1885 970 1974 simulacraque
994 1897 1109 1953 nostra
1132 1885 1249 1950 relin-

317 2014 443 2080 quam:
974 2071 976 2074 .

182 2099 274 2164 hunc
291 2100 392 2164 modo
409 2109 616 2184 serpentem,
635 2097 798 2164 baculum
814 2099 873 2187 qui
890 2101 1037 2166 nexibus
1053 2099 1174 2174 ambit,

181 2205 351 2290 perspice,
369 2215 403 2271 et
417 2226 526 2292 usque
542 2217 623 2270 nota
639 2205 728 2281 visu,
748 2216 786 2269 ut
801 2225 1012 2293 cognoscere
1029 2205 1159 2290 possist
1185 2221 1246 2276 660

180 2321 294 2376 vertar
308 2311 345 2376 in
362 2312 475 2388 buncr
500 2312 561 2378 sed
580 2311 688 2400 major
705 2333 778 2387 ero,
797 2321 980 2398 tantusque
995 2311 1150 2387 videbor,

180 2416 216 2481 in
232 2428 397 2503 quantum
415 2419 540 2485 debent
557 2417 719 2483 caelestia
736 2437 880 2502 corpora
898 2417 1009 2483 verti.’

181 2525 354 2610 extemplo
370 2546 449 2590 cum
465 2546 550 2590 voce
566 2523 664 2600 deus,
684 2544 765 2588 cum
780 2544 866 2589 voce
882 2523 1016 2611 deoque

179 2653 321 2697 somnus
337 2631 419 2708 abit,
437 2632 616 2718 somnique
632 2630 752 2719 fugam
770 2631 833 2696 lux
848 2631 940 2724 alma
957 2641 1074 2698 secuta
1090 2642 1158 2708 est.

224 2736 366 2803 Postera
383 2738 535 2804 sidereos
552 2738 690 2806 Aurora
709 2739 890 2829 fugaverat
906 2741 1026 2831 ignes3
1184 2759 1239 2831 ⁶⁶5

178 2843 297 2909 incerti
314 2844 396 2931 quid
414 2855 532 2932 agant,
552 2866 712 2930 proceres
729 2847 773 2912 ad
790 2849 919 2935 templa
936 2849 1030 2936 petiti

179 2949 386 3014 conveniunt
401 2970 547 3034 operosa
563 2951 632 3027 dei,
650 2974 788 3041 quaque
805 2955 878 3040 ipse
894 2956 1021 3022 morari

178 3055 260 3120 sede
276 3055 368 3132 velit,
387 3055 497 3144 signis
512 3057 718 3127 caelestibus
735 3061 876 3139 indicet,
894 3075 1005 3130 orant.

177 3161 235 3227 vix
251 3163 340 3228 bene
355 3163 541 3240 desierant,
561 3186 641 3231 cum
658 3169 769 3237 cristis
787 3192 912 3238 aureus
928 3172 1007 3239 altis

177 3268 212 3333 in
229 3282 387 3356 serpente
403 3269 488 3336 deus
504 3275 709 3356 praenuntia
725 3276 825 3344 sibila
843 3278 954 3354 misit,
1182 3299 1239 3368 ⁶70

177 3375 394 3464 adventuque
409 3400 471 3445 suo
488 3380 697 3469 signumque
714 3405 860 3471 arasque
877 3384 1035 3473 foresque

177 3502 474 3572 marmoreumque
493 3488 604 3552 solum
621 3489 829 3576 fastigiaque
847 3511 952 3556 aurea
969 3493 1086 3570 movit,

176 3589 436 3679 pectoribusque
453 3605 553 3659 tenus
571 3594 684 3659 media
701 3595 856 3660 sublimis
872 3596 907 3660 in
925 3598 1011 3664 aede

176 3695 334 3772 constitit,
353 3711 455 3786 atque
472 3701 591 3765 oculos
609 3699 814 3782 circumtulit
831 3701 912 3789 igne
930 3704 1108 3770 micantes.

218 3800 355 3868 Territa
373 3806 471 3870 turba
487 3817 609 3890 pavet:
634 3806 797 3892 cognovit
813 3809 954 3873 numina
971 3822 1083 3876 castos
1175 3809 1231 3902 ,67'5

173 3907 328 3974 evinctus
345 3910 427 3973 vitta
444 3911 555 3975 crines
572 3911 708 3976 albente
724 3912 899 4004 sacerdos,

173 4027 206 4077 et
223 4014 344 4079 ‘Deus
361 4035 403 4078 en
417 4013 425 4078 l
451 4015 535 4080 deus
551 4015 616 4080 enl
640 4009 765 4081 animis
781 4017 977 4107 linguisque
994 4020 1119 4098 favete,
