2767 4467
149 274 214 329 Vll.
241 274 323 347 aaa]
390 278 393 283 ·
474 255 544 324 The
565 255 691 345 Magr'c
719 255 911 325 Cauldron.

149 464 327 541 aeneaque
345 454 533 543 invergens
548 454 652 541 tepidi
668 453 847 521 carchesia
863 452 976 531 lactis,

80 582 83 586 ·
147 560 250 624 verba
266 560 372 625 simul
390 561 490 636 fudit,
507 562 711 647 terrenaque
720 560 869 625 numina
885 559 979 636 civit,

147 666 419 753 umbrarumque
435 677 536 754 rogat
550 678 647 752 rapta
664 687 745 733 cum
761 667 910 756 conjuge
924 686 1060 757 regem,

147 792 190 839 ne
204 783 394 857 properent
410 783 503 839 artus
513 773 628 841 anima
641 772 800 839 fraudare
817 771 931 838 senili.
1151 805 1205 863 250

191 875 295 962 Quos
311 878 370 945 ubi
386 879 549 964 placavit,
566 877 793 965 precibusque
809 889 844 945 et
859 899 1034 947 murmure
1050 880 1170 971 longo,

146 981 299 1050 Aesonis
315 984 477 1051 effoetum
493 985 637 1071 proferri
653 1005 780 1070 corpus
795 985 960 1053 adauras

143 1089 255 1178 jussit,
276 1100 312 1156 et
326 1090 361 1155 in
377 1091 498 1177 plenos
514 1091 702 1157 resolutum
717 1090 872 1157 carmine
888 1112 1040 1170 somnos,

147 1196 302 1261 exanimi
318 1196 464 1263 similem
481 1196 594 1263 stratis
610 1195 764 1283 porrexit
779 1196 820 1262 in·
830 1196 959 1264 herbis.

78 1332 82 1340 =
147 1302 227 1367 hinc
244 1303 367 1389 procul
378 1301 592 1381 Aesoniden,
607 1302 728 1389 procul
745 1302 827 1370 hinc
837 1303 935 1393 jubet
950 1303 1000 1372 ire
1012 1303 1198 1383 ministros,

146 1418 180 1475 et
196 1419 315 1475 monet
331 1410 466 1477 arcanis
483 1409 601 1477 oculos
617 1430 796 1477 removere
811 1410 985 1496 profanos.

147 1513 336 1602 diffugiunt
349 1514 433 1603 jussi
446 1538 455 1589 3
480 1515 591 1601 passis
607 1514 736 1582 Medea
752 1516 899 1603 capillis,

146 1620 379 1686 bacchantum
395 1622 473 1697 ritu,
492 1620 678 1709 flagrantes
694 1622 814 1690 circuit
830 1644 930 1691 aras:

146 1728 402 1815 multifidasque
420 1729 514 1793 faces
529 1728 564 1793 in
581 1728 674 1817 fossa
690 1730 870 1819 sanguinis
886 1742 961 1798 atra

146 1833 286 1921 tinguit,
305 1846 338 1899 et
354 1834 513 1900 intinctas
529 1835 678 1922 geminis
695 1838 852 1903 accendit
866 1837 902 1903 in
919 1837 1009 1914 aris;
1149 1852 1203 1909 260

146 1944 265 2029 terque
282 1962 400 2007 senem
418 1940 572 2017 flamma,
590 1952 641 2007 ter
656 1963 760 2030 aqua,
777 1955 829 2010 ter
843 1943 974 2012 sulfure
990 1945 1121 2011 lustrat.

192 2046 329 2113 Interea
345 2047 497 2113 validum
514 2048 623 2133 posito
640 2049 855 2116 medicamen
872 2055 960 2117 aino

145 2152 267 2229 servet,
286 2164 320 2219 et
335 2153 483 2219 exsultat
498 2155 696 2242 spumisque
712 2155 919 2222 tumentibus
936 2156 1038 2224 albet.

147 2260 218 2326 illic
234 2260 431 2325 Haemonia
448 2260 582 2327 radices
597 2262 688 2326 valle
706 2273 856 2328 resectas

147 2366 350 2455 seminaque
365 2366 535 2454 floresque
550 2377 584 2432 et
600 2388 702 2433 sucos
718 2354 870 2455 incoqmt
886 2389 995 2437 acres.
1148 2385 1199 2456 2⁶5

149 2473 252 2540 adicit
267 2484 421 2539 extremo
437 2473 571 2560 lapides
587 2473 729 2540 Oriente
745 2474 881 2561 petitos,
1246 2458 1253 2471 ’

87 2598 89 2606 ⁴
147 2594 181 2647 et
195 2602 282 2668 quas
299 2578 432 2645 Oceani
448 2578 593 2645 refluum
610 2602 705 2646 mare
721 2581 805 2646 lavit
820 2601 954 2646 arenas.

147 2688 242 2755 addit
257 2698 291 2753 et
306 2698 469 2773 exceptas
486 2687 566 2752 luna
584 2695 747 2772 pernocte
763 2686 918 2772 pruinas,

147 2807 180 2861 et
195 2794 311 2883 strigis
326 2792 472 2859 infames
489 2791 572 2878 ipsis
589 2812 669 2857 curn
686 2790 848 2857 carnibus
864 2791 952 2868 alas,

147 2900 251 2989 inque
268 2901 378 2966 virum
395 2898 484 2965 soliti
500 2900 613 2965 vultus
631 2909 762 2964 mutare
779 2898 913 2965 ferinos.
1149 2932 1201 2985 27⁰

109 3080 111 3084 ⁸
147 3007 301 3095 ambigui
317 3018 474 3092 prosecta
491 3006 584 3091 lupi;
609 3026 674 3071 nec
690 3005 799 3071 defuit
813 3005 885 3072 illic

45 3178 46 3187 ,
147 3135 312 3203 squamea
328 3112 495 3201 Cinyphii
510 3112 621 3179 tenuis
639 3112 841 3177 membrana
857 3110 1029 3201 chelydri,

30 3293 32 3299 ,
147 3220 342 3308 vivacisque
356 3219 454 3309 jecur
469 3220 574 3296 cervi,
592 3218 717 3306 quibus
733 3217 873 3304 insuper
889 3218 985 3307 addit

146 3348 208 3394 ora
223 3339 394 3414 caputque
411 3348 535 3392 novem
551 3326 699 3392 cornicis
715 3327 856 3391 saecula
873 3342 1010 3412 passae.

192 3434 258 3500 His
275 3444 309 3499 et
325 3432 419 3497 mille
436 3433 512 3499 aliis
528 3443 709 3521 postquam
725 3433 800 3499 sine
817 3432 957 3498 nomine
974 3433 1076 3497 rebus
1148 3460 1200 3515 273

143 3540 358 3627 propositum
376 3538 534 3604 instruxit
550 3538 713 3604 remorari
729 3539 877 3605 Tartara
893 3560 1032 3614 munus,

25 3688 27 3699 ι
147 3647 255 3713 arenti
272 3667 369 3711 ramo
382 3644 589 3733 jampridem
607 3646 697 3711 mitis
712 3645 825 3711 olivae

146 3752 262 3819 omnia
279 3751 446 3826 confudit,
465 3750 675 3837 summisque
691 3749 875 3816 immiscuit
890 3748 973 3814 ima.

146 3879 229 3925 ecce
244 3869 342 3923 vetus
360 3856 474 3921 calido
491 3866 644 3921 versatus
660 3857 766 3941 stipes
783 3860 870 3919 aeno

145 3966 182 4031 fit
197 3964 316 4031 viridis
333 3960 460 4049 primo,
477 3980 543 4026 nec
558 3961 664 4047 longo
680 3971 836 4043 tempore
852 3957 991 4023 frondes
1151 3972 1204 4021 280
