2767 4467
114 382 117 389 ,
218 313 259 363 22
397 311 436 358 11.
476 288 547 359 Tae
568 287 775 356 Adventare
798 288 846 375 of
858 268 1053 355 Phaethon.
1124 306 1269 379 [Mareu.
1367 299 1370 380 l

217 512 279 578 per
290 490 377 579 juga
394 486 594 576 chrysolithi
612 486 811 573 positaeque
828 508 872 551 ex
887 486 1008 552 ordine
1025 506 1189 573 gemmae

217 599 310 663 clara
327 617 529 681 repercusso
546 593 735 659 reddebant
750 593 881 658 lumina
898 593 1047 678 phoebo.
1219 626 1268 665 110

217 687 368 792 dumque
385 722 426 767 ea
444 700 687 788 magnanimus
705 699 886 765 Phaethon
904 699 1058 776 miratur,
1076 720 1232 787 opusque

217 809 391 896 perspicit,
409 828 490 874 ecce
507 807 591 895 vigil
607 806 708 872 rutilo
724 805 885 892 patefecit
900 805 945 870 ab
960 816 1037 872 ortu

218 935 407 1001 purpureas
424 913 559 978 Aurora
576 912 666 978 sores
683 923 717 977 et
732 912 835 997 plena
851 932 1008 976 rosarum

217 1022 323 1097 atria;
348 1020 532 1108 diffugiunt
548 1020 679 1095 stellae,
698 1039 842 1105 quarum
859 1018 1002 1105 agmina
1019 1018 1112 1108 cogit

216 1129 370 1206 Lucifer,
389 1139 423 1194 et
438 1127 524 1193 caeli
542 1127 685 1193 statione
702 1124 909 1191 novissimus
926 1125 1007 1191 exit.
1221 1157 1267 1213 1¹5

264 1234 365 1320 Qae
381 1247 495 1320 petere
512 1245 549 1300 ut
564 1246 682 1308 terras,
700 1232 936 1318 mundumque
951 1234 1133 1299 rubescere
1150 1232 1249 1309 vidit,

217 1361 413 1427 cornuaque
430 1350 604 1405 extremae
621 1339 716 1403 velut
731 1358 938 1404 evanescere
954 1337 1071 1415 lunae,

213 1448 360 1535 jungere
377 1467 483 1532 equos
499 1444 604 1509 Titan
620 1444 797 1509 velocibus
814 1443 960 1529 imperat
977 1443 1094 1511 Horis.

212 1554 309 1642 jussa
326 1554 412 1618 deae
429 1552 558 1617 celeres
575 1561 759 1638 peragunt,
777 1550 964 1639 ignemque
979 1564 1171 1630 vomentes,

216 1659 409 1725 ambrosiae
426 1680 509 1724 suco
526 1670 669 1732 saturos,
689 1657 913 1743 praesepibus
930 1659 1007 1724 altis

214 1767 456 1853 quadrupedes
473 1766 614 1840 ducunt,
633 1764 830 1851 adduntque
848 1765 1005 1830 sonantia
1020 1765 1130 1833 frena.

215 1883 286 1937 tum
304 1884 400 1957 pater
416 1894 475 1937 ora
492 1872 544 1937 sui
561 1892 659 1959 sacro
676 1871 903 1937 medicamine
919 1872 989 1937 nati

215 1979 369 2066 contigit,
389 1989 422 2043 et
438 1978 578 2063 rapidae
595 1977 675 2043 fecit
692 1976 854 2063 patientia
869 1977 1045 2054 flammae,

215 2084 441 2171 imposuitque
459 2105 579 2149 comae
594 2084 721 2159 radios,
740 2104 978 2172 praesagaque
994 2086 1105 2152 luctus

215 2203 352 2277 pectore
369 2191 514 2256 sollicito
531 2202 689 2275 repetens
707 2190 853 2277 suspiria
870 2192 978 2258 dixite

261 2296 325 2361 ‘Si
342 2307 438 2382 potes
455 2297 508 2361 his
524 2297 646 2364 saltem
663 2297 798 2362 monitis
815 2318 936 2383 parere
953 2297 1117 2383 paternis,

214 2424 330 2488 parce,
349 2424 447 2489 puer,
465 2403 623 2478 stimulis,
642 2414 675 2469 et
690 2403 809 2469 fortius
826 2416 920 2469 utere
937 2404 1031 2471 loris.

214 2519 334 2594 sponte
351 2530 412 2574 sua
430 2519 633 2594 properant3
658 2509 756 2573 labor
772 2520 823 2574 est
838 2510 993 2577 inhibere
1010 2513 1175 2578 volentes.

213 2637 279 2681 nec
294 2616 352 2680 tibi
370 2615 515 2681 directos
532 2615 665 2700 placeat
681 2614 737 2679 via
753 2616 903 2703 quinque
920 2638 982 2701 per
998 2640 1106 2685 arcus.

213 2733 325 2789 sectus
342 2723 376 2786 in
393 2722 569 2808 obliquum
586 2732 636 2787 est
653 2723 722 2787 lato
739 2722 937 2787 curvamine
955 2722 1067 2801 limes,
1215 2756 1268 2811 130
1285 2743 1288 2749 '

212 2849 445 2915 zonarumque
461 2829 562 2892 trium
581 2840 758 2894 contentus
775 2830 856 2903 line,
877 2831 1062 2916 polumque

213 2934 334 3023 effugit
350 2936 547 3010 australem,
562 2934 785 3022 junctamque
803 2936 1018 3022 aquilonibus
1033 2935 1177 3003 Arcton.

212 3044 279 3107 hac
295 3042 337 3108 sit
353 3042 436 3107 iter:
461 3042 639 3107 manifesta
656 3052 749 3107 rotae
764 3042 911 3130 vestigia
927 3062 1057 3107 cernes.

211 3163 314 3236 utque
331 3149 442 3215 serant
458 3169 586 3236 aequos
602 3160 636 3213 et
651 3150 786 3213 caelum
804 3160 837 3213 et
852 3161 942 3214 terra
958 3150 1103 3225 calores,

212 3279 276 3321 nec
294 3278 424 3342 preme,
443 3278 506 3322 nec
523 3257 696 3322 summum
713 3255 833 3321 molire
849 3277 911 3340 per
927 3256 1066 3322 aethera
1082 3278 1234 3323 currum.

212 3366 312 3447 altius
328 3352 489 3453 egressus
506 3366 666 3430 caelestia
682 3375 771 3429 tecta
788 3363 970 3440 cremabis,

210 3471 352 3537 inferius
369 3483 496 3537 terrast
521 3472 635 3536 medio
651 3470 838 3536 tutissimus
857 3470 931 3535 ibis.

210 3601 279 3642 neu
295 3590 328 3643 te
344 3578 514 3644 dexterior
530 3588 653 3642 tortum
670 3578 820 3642 declinet
836 3578 879 3642 ad
896 3576 1075 3665 Anguem,

211 3707 297 3749 neve
315 3684 499 3749 sinisterior
515 3704 670 3770 pressam
687 3693 760 3748 rota
777 3684 881 3748 ducat
897 3686 940 3749 ad
958 3683 1088 3748 Aram:

209 3790 297 3854 inter
312 3801 492 3876 utrumque
509 3801 599 3854 tene.
648 3788 820 3854 Fortunae
837 3801 950 3855 cetera
968 3792 1107 3867 mando,
1212 3824 1264 3877 140

209 3917 299 3982 quae
313 3896 408 3983 juvet
423 3907 457 3960 et
472 3896 593 3961 melius
610 3916 713 3982 quam
730 3905 766 3959 tu
783 3896 855 3970 tibi,
874 3899 1030 3963 consulat
1045 3911 1137 3986 opto.
1165 3892 1168 3897 ¹

209 4003 292 4068 dum
309 4002 441 4087 loquor,
461 4000 631 4085 Hesperio
645 3999 774 4085 positas
790 4000 826 4064 in
842 4000 940 4067 litore
956 4015 1065 4070 metas
