<?xml version="1.0" encoding="UTF-8"?>
<!DOCTYPE html PUBLIC "-//W3C//DTD XHTML 1.0 Transitional//EN"
    "http://www.w3.org/TR/xhtml1/DTD/xhtml1-transitional.dtd">
<html xmlns="http://www.w3.org/1999/xhtml" xml:lang="en" lang="en">
 <head>
  <title>
</title>
<meta http-equiv="Content-Type" content="text/html;charset=utf-8" />
  <meta name='ocr-system' content='tesseract 3.04.00' />
  <meta name='ocr-capabilities' content='ocr_page ocr_carea ocr_par ocr_line ocrx_word'/>
</head>
<body>
  <div class='ocr_page' id='page_1' title='image "./poemataquaedame01ovidgoog_0134.png"; bbox 0 0 2767 4467; ppageno 0'>
   <div class='ocr_carea' id='block_1_1' title="bbox 134 242 1180 334">
    <p class='ocr_par' dir='ltr' id='par_1_1' title="bbox 134 242 1180 334">
     <span class='ocr_line' id='line_1_1' title="bbox 134 242 1180 334; baseline 0.004 -21"><span class='ocrx_word' id='word_1_1' title='bbox 134 266 199 314; x_wconf 89' lang='lat'>120</span> <span class='ocrx_word' id='word_1_2' title='bbox 347 244 503 334; x_wconf 64' lang='lat' dir='ltr'>Rebalry</span> <span class='ocrx_word' id='word_1_3' title='bbox 525 247 574 331; x_wconf 87' lang='lat' dir='ltr'>os</span> <span class='ocrx_word' id='word_1_4' title='bbox 586 243 685 332; x_wconf 85' lang='lat' dir='ltr'>Ajax</span> <span class='ocrx_word' id='word_1_5' title='bbox 708 243 783 308; x_wconf 86' lang='lat' dir='ltr'>and</span> <span class='ocrx_word' id='word_1_6' title='bbox 809 242 957 330; x_wconf 86' lang='lat' dir='ltr'>Ulysses.</span> <span class='ocrx_word' id='word_1_7' title='bbox 1038 261 1180 333; x_wconf 65' lang='lat' dir='ltr'>[Mareu.</span> 
     </span>
    </p>
   </div>
   <div class='ocr_carea' id='block_1_2' title="bbox 131 439 1183 4038">
    <p class='ocr_par' dir='ltr' id='par_1_2' title="bbox 131 439 1182 950">
     <span class='ocr_line' id='line_1_2' title="bbox 132 439 986 530; baseline -0.007 -20"><span class='ocrx_word' id='word_1_8' title='bbox 132 445 160 510; x_wconf 85' lang='lat' dir='ltr'>si</span> <span class='ocrx_word' id='word_1_9' title='bbox 177 453 308 530; x_wconf 83' lang='lat' dir='ltr'><strong>perstas</strong></span> <span class='ocrx_word' id='word_1_10' title='bbox 324 454 469 521; x_wconf 86' lang='lat' dir='ltr'>certare,</span> <span class='ocrx_word' id='word_1_11' title='bbox 487 444 600 508; x_wconf 90' lang='lat' dir='ltr'>locum</span> <span class='ocrx_word' id='word_1_12' title='bbox 617 441 800 506; x_wconf 87' lang='lat' dir='ltr'>redeamus</span> <span class='ocrx_word' id='word_1_13' title='bbox 815 439 849 504; x_wconf 94' lang='lat' dir='ltr'>in</span> <span class='ocrx_word' id='word_1_14' title='bbox 867 440 986 506; x_wconf 85' lang='lat' dir='ltr'>illum:</span> 
     </span>
     <span class='ocr_line' id='line_1_3' title="bbox 131 546 1146 634; baseline -0.004 -20"><span class='ocrx_word' id='word_1_15' title='bbox 131 550 236 615; x_wconf 88' lang='lat' dir='ltr'>redde</span> <span class='ocrx_word' id='word_1_16' title='bbox 252 550 399 625; x_wconf 85' lang='lat' dir='ltr'>hostem,</span> <span class='ocrx_word' id='word_1_17' title='bbox 416 549 610 634; x_wconf 85' lang='lat' dir='ltr'>vulnusque</span> <span class='ocrx_word' id='word_1_18' title='bbox 626 558 735 623; x_wconf 88' lang='lat' dir='ltr'>tuum,</span> <span class='ocrx_word' id='word_1_19' title='bbox 754 546 959 634; x_wconf 87' lang='lat' dir='ltr'>solitumque</span> <span class='ocrx_word' id='word_1_20' title='bbox 974 547 1146 622; x_wconf 84' lang='lat' dir='ltr'>timorem,</span> 
     </span>
     <span class='ocr_line' id='line_1_4' title="bbox 132 653 1093 742; baseline -0.005 -21"><span class='ocrx_word' id='word_1_21' title='bbox 132 666 207 741; x_wconf 92' lang='lat' dir='ltr'>post</span> <span class='ocrx_word' id='word_1_22' title='bbox 223 656 439 742; x_wconf 88' lang='lat' dir='ltr'>clipeumque</span> <span class='ocrx_word' id='word_1_23' title='bbox 456 655 536 730; x_wconf 86' lang='lat' dir='ltr'>late,</span> <span class='ocrx_word' id='word_1_24' title='bbox 554 665 587 719; x_wconf 91' lang='lat' dir='ltr'>et</span> <span class='ocrx_word' id='word_1_25' title='bbox 604 674 739 718; x_wconf 90' lang='lat' dir='ltr'>mecum</span> <span class='ocrx_word' id='word_1_26' title='bbox 757 654 924 718; x_wconf 89' lang='lat' dir='ltr'>contende</span> <span class='ocrx_word' id='word_1_27' title='bbox 942 654 1005 718; x_wconf 92' lang='lat' dir='ltr'>sub</span> <span class='ocrx_word' id='word_1_28' title='bbox 1023 653 1093 718; x_wconf 91' lang='lat' dir='ltr'>illo.</span> 
     </span>
     <span class='ocr_line' id='line_1_5' title="bbox 132 758 1182 848; baseline -0.005 -22"><span class='ocrx_word' id='word_1_29' title='bbox 132 773 167 826; x_wconf 90' lang='lat' dir='ltr'>at</span> <span class='ocrx_word' id='word_1_30' title='bbox 181 773 360 848; x_wconf 88' lang='lat' dir='ltr'>postquam</span> <span class='ocrx_word' id='word_1_31' title='bbox 377 761 500 846; x_wconf 91' lang='lat' dir='ltr'>eripui,</span> <span class='ocrx_word' id='word_1_32' title='bbox 518 760 572 826; x_wconf 93' lang='lat' dir='ltr'>cui</span> <span class='ocrx_word' id='word_1_33' title='bbox 590 759 861 824; x_wconf 90' lang='lat' dir='ltr'>standi-vulnera</span> <span class='ocrx_word' id='word_1_34' title='bbox 877 758 967 836; x_wconf 87' lang='lat' dir='ltr'>vires</span> <span class='ocrx_word' id='word_1_35' title='bbox 1148 778 1182 830; x_wconf 85' lang='lat'>80</span> 
     </span>
     <span class='ocr_line' id='line_1_6' title="bbox 131 863 949 950; baseline -0.005 -19"><span class='ocrx_word' id='word_1_36' title='bbox 131 889 200 933; x_wconf 94' lang='lat' dir='ltr'>non</span> <span class='ocrx_word' id='word_1_37' title='bbox 217 868 394 943; x_wconf 89' lang='lat' dir='ltr'>dederant,</span> <span class='ocrx_word' id='word_1_38' title='bbox 411 867 507 932; x_wconf 88' lang='lat' dir='ltr'>nullo</span> <span class='ocrx_word' id='word_1_39' title='bbox 523 866 674 930; x_wconf 83' lang='lat' dir='ltr'>tardatus</span> <span class='ocrx_word' id='word_1_40' title='bbox 690 865 832 928; x_wconf 85' lang='lat' dir='ltr'>vulnere</span> <span class='ocrx_word' id='word_1_41' title='bbox 848 863 949 950; x_wconf 86' lang='lat' dir='ltr'>fugit.</span> 
     </span>
    </p>

    <p class='ocr_par' dir='ltr' id='par_1_3' title="bbox 131 969 1183 2338">
     <span class='ocr_line' id='line_1_7' title="bbox 179 969 1092 1057; baseline -0.002 -21"><span class='ocrx_word' id='word_1_42' title='bbox 179 984 188 1013; x_wconf 91' lang='lat'>‘</span> <span class='ocrx_word' id='word_1_43' title='bbox 205 971 335 1038; x_wconf 87' lang='lat' dir='ltr'>Hector</span> <span class='ocrx_word' id='word_1_44' title='bbox 350 973 458 1049; x_wconf 88' lang='lat' dir='ltr'>adest,</span> <span class='ocrx_word' id='word_1_45' title='bbox 477 992 662 1057; x_wconf 90' lang='lat' dir='ltr'>secumque</span> <span class='ocrx_word' id='word_1_46' title='bbox 679 972 762 1035; x_wconf 89' lang='lat' dir='ltr'>deos</span> <span class='ocrx_word' id='word_1_47' title='bbox 778 969 813 1034; x_wconf 93' lang='lat' dir='ltr'>in</span> <span class='ocrx_word' id='word_1_48' title='bbox 831 971 961 1054; x_wconf 86' lang='lat' dir='ltr'>proelia</span> <span class='ocrx_word' id='word_1_49' title='bbox 978 971 1092 1037; x_wconf 77' lang='lat' dir='ltr'>ducit:</span> 
     </span>
     <span class='ocr_line' id='line_1_8' title="bbox 131 1075 954 1166; baseline 0.001 -24"><span class='ocrx_word' id='word_1_50' title='bbox 131 1100 268 1166; x_wconf 86' lang='lat' dir='ltr'>quaque</span> <span class='ocrx_word' id='word_1_51' title='bbox 285 1079 363 1154; x_wconf 86' lang='lat' dir='ltr'>ruit,</span> <span class='ocrx_word' id='word_1_52' title='bbox 383 1101 451 1144; x_wconf 94' lang='lat' dir='ltr'>non</span> <span class='ocrx_word' id='word_1_53' title='bbox 469 1090 503 1142; x_wconf 92' lang='lat' dir='ltr'>tu</span> <span class='ocrx_word' id='word_1_54' title='bbox 521 1089 650 1142; x_wconf 87' lang='lat' dir='ltr'>tantum</span> <span class='ocrx_word' id='word_1_55' title='bbox 667 1075 817 1152; x_wconf 86' lang='lat' dir='ltr'>terreris,</span> <span class='ocrx_word' id='word_1_56' title='bbox 836 1076 954 1153; x_wconf 90' lang='lat' dir='ltr'>Ulixe,</span> 
     </span>
     <span class='ocr_line' id='line_1_9' title="bbox 132 1183 942 1269; baseline -0.006 -18"><span class='ocrx_word' id='word_1_57' title='bbox 132 1186 193 1251; x_wconf 88' lang='lat' dir='ltr'>sed</span> <span class='ocrx_word' id='word_1_58' title='bbox 209 1186 312 1269; x_wconf 86' lang='lat' dir='ltr'>fortes</span> <span class='ocrx_word' id='word_1_59' title='bbox 328 1186 444 1260; x_wconf 89' lang='lat' dir='ltr'>etiam,</span> <span class='ocrx_word' id='word_1_60' title='bbox 463 1195 593 1249; x_wconf 87' lang='lat' dir='ltr'>tantum</span> <span class='ocrx_word' id='word_1_61' title='bbox 610 1183 711 1248; x_wconf 88' lang='lat' dir='ltr'>trahit</span> <span class='ocrx_word' id='word_1_62' title='bbox 728 1183 784 1247; x_wconf 91' lang='lat' dir='ltr'>ille</span> <span class='ocrx_word' id='word_1_63' title='bbox 800 1183 942 1249; x_wconf 88' lang='lat' dir='ltr'>timoris.</span> 
     </span>
     <span class='ocr_line' id='line_1_10' title="bbox 132 1290 1181 1379; baseline 0 -23"><span class='ocrx_word' id='word_1_64' title='bbox 132 1293 226 1357; x_wconf 91' lang='lat' dir='ltr'>hunc</span> <span class='ocrx_word' id='word_1_65' title='bbox 241 1312 309 1379; x_wconf 88' lang='lat' dir='ltr'>ego</span> <span class='ocrx_word' id='word_1_66' title='bbox 325 1290 537 1378; x_wconf 86' lang='lat' dir='ltr'>sanguineae</span> <span class='ocrx_word' id='word_1_67' title='bbox 554 1311 717 1356; x_wconf 89' lang='lat' dir='ltr'>successu</span> <span class='ocrx_word' id='word_1_68' title='bbox 734 1290 849 1356; x_wconf 89' lang='lat' dir='ltr'>caedis</span> <span class='ocrx_word' id='word_1_69' title='bbox 866 1303 1024 1358; x_wconf 90' lang='lat' dir='ltr'>ovantem</span> <span class='ocrx_word' id='word_1_70' title='bbox 1149 1311 1181 1379; x_wconf 76' lang='lat'>83</span> 
     </span>
     <span class='ocr_line' id='line_1_11' title="bbox 133 1397 928 1485; baseline 0 -22"><span class='ocrx_word' id='word_1_71' title='bbox 133 1398 288 1464; x_wconf 89' lang='lat' dir='ltr'>cominus</span> <span class='ocrx_word' id='word_1_72' title='bbox 303 1397 434 1485; x_wconf 89' lang='lat' dir='ltr'>ingenti</span> <span class='ocrx_word' id='word_1_73' title='bbox 451 1397 650 1482; x_wconf 89' lang='lat' dir='ltr'>resupinum</span> <span class='ocrx_word' id='word_1_74' title='bbox 668 1397 819 1482; x_wconf 90' lang='lat' dir='ltr'>pondere</span> <span class='ocrx_word' id='word_1_75' title='bbox 836 1398 928 1473; x_wconf 81' lang='lat' dir='ltr'>fudi3</span> 
     </span>
     <span class='ocr_line' id='line_1_12' title="bbox 132 1505 1071 1592; baseline 0.003 -25"><span class='ocrx_word' id='word_1_76' title='bbox 132 1505 225 1570; x_wconf 89' lang='lat' dir='ltr'>hunc</span> <span class='ocrx_word' id='word_1_77' title='bbox 241 1525 308 1592; x_wconf 91' lang='lat' dir='ltr'>ego</span> <span class='ocrx_word' id='word_1_78' title='bbox 325 1513 535 1589; x_wconf 90' lang='lat' dir='ltr'>poscentem,</span> <span class='ocrx_word' id='word_1_79' title='bbox 554 1522 632 1567; x_wconf 89' lang='lat' dir='ltr'>cum</span> <span class='ocrx_word' id='word_1_80' title='bbox 649 1525 719 1589; x_wconf 92' lang='lat' dir='ltr'>quo</span> <span class='ocrx_word' id='word_1_81' title='bbox 735 1517 963 1582; x_wconf 84' lang='lat' dir='ltr'>concurreret,</span> <span class='ocrx_word' id='word_1_82' title='bbox 981 1527 1071 1570; x_wconf 91' lang='lat' dir='ltr'>unus</span> 
     </span>
     <span class='ocr_line' id='line_1_13' title="bbox 133 1608 955 1696; baseline -0.001 -19"><span class='ocrx_word' id='word_1_83' title='bbox 133 1610 288 1686; x_wconf 90' lang='lat' dir='ltr'>sustinui,</span> <span class='ocrx_word' id='word_1_84' title='bbox 306 1620 500 1696; x_wconf 88' lang='lat' dir='ltr'>sortemque</span> <span class='ocrx_word' id='word_1_85' title='bbox 517 1629 629 1674; x_wconf 89' lang='lat' dir='ltr'>meam</span> <span class='ocrx_word' id='word_1_86' title='bbox 645 1608 797 1687; x_wconf 83' lang='lat' dir='ltr'>vovistis,</span> <span class='ocrx_word' id='word_1_87' title='bbox 815 1610 955 1687; x_wconf 88' lang='lat' dir='ltr'>Achivi,</span> 
     </span>
     <span class='ocr_line' id='line_1_14' title="bbox 132 1715 1001 1807; baseline 0.003 -26"><span class='ocrx_word' id='word_1_88' title='bbox 132 1728 165 1782; x_wconf 92' lang='lat' dir='ltr'>et</span> <span class='ocrx_word' id='word_1_89' title='bbox 180 1729 312 1782; x_wconf 87' lang='lat' dir='ltr'>vestrae</span> <span class='ocrx_word' id='word_1_90' title='bbox 328 1717 468 1782; x_wconf 87' lang='lat' dir='ltr'>valuere</span> <span class='ocrx_word' id='word_1_91' title='bbox 484 1737 617 1803; x_wconf 90' lang='lat' dir='ltr'>preces.</span> <span class='ocrx_word' id='word_1_92' title='bbox 665 1715 705 1782; x_wconf 90' lang='lat' dir='ltr'>Si</span> <span class='ocrx_word' id='word_1_93' title='bbox 721 1717 883 1804; x_wconf 88' lang='lat' dir='ltr'>quaeritis</span> <span class='ocrx_word' id='word_1_94' title='bbox 900 1719 1001 1807; x_wconf 89' lang='lat' dir='ltr'>hujus</span> 
     </span>
     <span class='ocr_line' id='line_1_15' title="bbox 132 1825 1183 1915; baseline 0.004 -27"><span class='ocrx_word' id='word_1_95' title='bbox 132 1825 301 1890; x_wconf 89' lang='lat' dir='ltr'>fortunam</span> <span class='ocrx_word' id='word_1_96' title='bbox 319 1845 471 1911; x_wconf 81' lang='lat' dir='ltr'>pugnae,</span> <span class='ocrx_word' id='word_1_97' title='bbox 491 1847 558 1889; x_wconf 92' lang='lat' dir='ltr'>non</span> <span class='ocrx_word' id='word_1_98' title='bbox 575 1845 652 1889; x_wconf 91' lang='lat' dir='ltr'>sum</span> <span class='ocrx_word' id='word_1_99' title='bbox 669 1835 850 1910; x_wconf 89' lang='lat' dir='ltr'>superatus</span> <span class='ocrx_word' id='word_1_100' title='bbox 867 1826 910 1892; x_wconf 89' lang='lat' dir='ltr'>ab</span> <span class='ocrx_word' id='word_1_101' title='bbox 926 1826 998 1891; x_wconf 90' lang='lat' dir='ltr'>illo.</span> <span class='ocrx_word' id='word_1_102' title='bbox 1130 1860 1183 1915; x_wconf 89' lang='lat'>.90</span> 
     </span>
     <span class='ocr_line' id='line_1_16' title="bbox 132 1930 1082 2019; baseline 0.001 -22"><span class='ocrx_word' id='word_1_103' title='bbox 132 1953 213 1997; x_wconf 91' lang='lat' dir='ltr'>ecce</span> <span class='ocrx_word' id='word_1_104' title='bbox 230 1930 342 1996; x_wconf 85' lang='lat' dir='ltr'>serunt</span> <span class='ocrx_word' id='word_1_105' title='bbox 356 1930 466 1996; x_wconf 70' lang='lat' dir='ltr'>Troes</span> <span class='ocrx_word' id='word_1_106' title='bbox 482 1931 676 2018; x_wconf 80' lang='lat' dir='ltr'>ferrumque</span> <span class='ocrx_word' id='word_1_107' title='bbox 693 1931 879 2019; x_wconf 81' lang='lat' dir='ltr'>ignemque</span> <span class='ocrx_word' id='word_1_108' title='bbox 891 1933 1082 2019; x_wconf 87' lang='lat' dir='ltr'>Jovemque</span> 
     </span>
     <span class='ocr_line' id='line_1_17' title="bbox 132 2037 1032 2106; baseline 0.002 -4"><span class='ocrx_word' id='word_1_109' title='bbox 132 2037 167 2102; x_wconf 90' lang='lat' dir='ltr'>in</span> <span class='ocrx_word' id='word_1_110' title='bbox 184 2037 326 2103; x_wconf 89' lang='lat' dir='ltr'>Danaas</span> <span class='ocrx_word' id='word_1_111' title='bbox 342 2038 491 2104; x_wconf 87' lang='lat' dir='ltr'>classes:</span> <span class='ocrx_word' id='word_1_112' title='bbox 515 2038 574 2106; x_wconf 90' lang='lat' dir='ltr'>ubi</span> <span class='ocrx_word' id='word_1_113' title='bbox 591 2059 684 2103; x_wconf 91' lang='lat' dir='ltr'>nunc</span> <span class='ocrx_word' id='word_1_114' title='bbox 701 2039 869 2105; x_wconf 87' lang='lat' dir='ltr'>facundus</span> <span class='ocrx_word' id='word_1_115' title='bbox 887 2038 1032 2106; x_wconf 84' lang='lat' dir='ltr'>Ulixes?</span> 
     </span>
     <span class='ocr_line' id='line_1_18' title="bbox 132 2144 1012 2234; baseline 0.003 -25"><span class='ocrx_word' id='word_1_116' title='bbox 132 2167 256 2231; x_wconf 90' lang='lat' dir='ltr'>nempe</span> <span class='ocrx_word' id='word_1_117' title='bbox 273 2167 340 2234; x_wconf 91' lang='lat' dir='ltr'>ego</span> <span class='ocrx_word' id='word_1_118' title='bbox 357 2144 450 2209; x_wconf 92' lang='lat' dir='ltr'>mille</span> <span class='ocrx_word' id='word_1_119' title='bbox 467 2166 544 2212; x_wconf 92' lang='lat' dir='ltr'>meo</span> <span class='ocrx_word' id='word_1_120' title='bbox 560 2146 692 2230; x_wconf 87' lang='lat' dir='ltr'>protexi</span> <span class='ocrx_word' id='word_1_121' title='bbox 709 2157 847 2231; x_wconf 88' lang='lat' dir='ltr'>pectore</span> <span class='ocrx_word' id='word_1_122' title='bbox 863 2167 1012 2232; x_wconf 90' lang='lat' dir='ltr'>puppes,</span> 
     </span>
     <span class='ocr_line' id='line_1_19' title="bbox 133 2251 1067 2338; baseline 0.001 -21"><span class='ocrx_word' id='word_1_123' title='bbox 133 2274 229 2338; x_wconf 91' lang='lat' dir='ltr'>spem</span> <span class='ocrx_word' id='word_1_124' title='bbox 245 2251 347 2318; x_wconf 90' lang='lat' dir='ltr'>vestri</span> <span class='ocrx_word' id='word_1_125' title='bbox 363 2252 503 2318; x_wconf 89' lang='lat' dir='ltr'>reditus.</span> <span class='ocrx_word' id='word_1_126' title='bbox 553 2251 642 2317; x_wconf 92' lang='lat' dir='ltr'>Date</span> <span class='ocrx_word' id='word_1_127' title='bbox 658 2263 706 2317; x_wconf 93' lang='lat' dir='ltr'>tot</span> <span class='ocrx_word' id='word_1_128' title='bbox 722 2273 784 2338; x_wconf 92' lang='lat' dir='ltr'>pro</span> <span class='ocrx_word' id='word_1_129' title='bbox 800 2253 944 2318; x_wconf 88' lang='lat' dir='ltr'>navibus</span> <span class='ocrx_word' id='word_1_130' title='bbox 961 2275 1067 2318; x_wconf 89' lang='lat' dir='ltr'>arma.</span> 
     </span>
    </p>

    <p class='ocr_par' dir='ltr' id='par_1_4' title="bbox 132 2357 1181 2554">
     <span class='ocr_line' id='line_1_20' title="bbox 178 2357 1181 2450; baseline 0.002 -26"><span class='ocrx_word' id='word_1_131' title='bbox 178 2370 188 2399; x_wconf 83' lang='lat'><strong><em>⁴</em></strong></span> <span class='ocrx_word' id='word_1_132' title='bbox 205 2357 309 2445; x_wconf 70' lang='lat' dir='ltr'>Quod</span> <span class='ocrx_word' id='word_1_133' title='bbox 326 2358 354 2424; x_wconf 92' lang='lat' dir='ltr'>si</span> <span class='ocrx_word' id='word_1_134' title='bbox 370 2381 453 2424; x_wconf 89' lang='lat' dir='ltr'>vera</span> <span class='ocrx_word' id='word_1_135' title='bbox 469 2359 549 2424; x_wconf 91' lang='lat' dir='ltr'>licet</span> <span class='ocrx_word' id='word_1_136' title='bbox 564 2359 647 2423; x_wconf 91' lang='lat' dir='ltr'>mihi</span> <span class='ocrx_word' id='word_1_137' title='bbox 664 2358 792 2434; x_wconf 91' lang='lat' dir='ltr'>dicere,</span> <span class='ocrx_word' id='word_1_138' title='bbox 810 2360 983 2446; x_wconf 87' lang='lat' dir='ltr'>quaeritur</span> <span class='ocrx_word' id='word_1_139' title='bbox 998 2361 1082 2438; x_wconf 90' lang='lat' dir='ltr'>istis,</span> <span class='ocrx_word' id='word_1_140' title='bbox 1147 2393 1181 2450; x_wconf 79' lang='lat'>95</span> 
     </span>
     <span class='ocr_line' id='line_1_21' title="bbox 132 2464 1181 2554; baseline 0.002 -24"><span class='ocrx_word' id='word_1_141' title='bbox 132 2487 237 2553; x_wconf 91' lang='lat' dir='ltr'>quam</span> <span class='ocrx_word' id='word_1_142' title='bbox 261 2464 357 2542; x_wconf 92' lang='lat' dir='ltr'>mihi,</span> <span class='ocrx_word' id='word_1_143' title='bbox 376 2465 485 2554; x_wconf 89' lang='lat' dir='ltr'>major</span> <span class='ocrx_word' id='word_1_144' title='bbox 508 2466 631 2542; x_wconf 90' lang='lat' dir='ltr'>honos,</span> <span class='ocrx_word' id='word_1_145' title='bbox 656 2465 907 2554; x_wconf 88' lang='lat' dir='ltr'>conjunctaque</span> <span class='ocrx_word' id='word_1_146' title='bbox 931 2466 1041 2554; x_wconf 86' lang='lat' dir='ltr'>gloria</span> <span class='ocrx_word' id='word_1_147' title='bbox 1065 2480 1181 2532; x_wconf 89' lang='lat' dir='ltr'>nostra</span> 
     </span>
    </p>

    <p class='ocr_par' dir='ltr' id='par_1_5' title="bbox 267 2585 338 2638">
     <span class='ocr_line' id='line_1_22' title="bbox 267 2585 338 2638; baseline -0.028 0"><span class='ocrx_word' id='word_1_148' title='bbox 267 2585 338 2638; x_wconf 81' lang='lat' dir='ltr'>est:</span> 
     </span>
    </p>

    <p class='ocr_par' dir='ltr' id='par_1_6' title="bbox 132 2677 1183 3726">
     <span class='ocr_line' id='line_1_23' title="bbox 133 2677 983 2768; baseline -0.002 -22"><span class='ocrx_word' id='word_1_149' title='bbox 133 2691 234 2768; x_wconf 89' lang='lat' dir='ltr'>atque</span> <span class='ocrx_word' id='word_1_150' title='bbox 249 2678 344 2768; x_wconf 84' lang='lat' dir='ltr'>Ajax</span> <span class='ocrx_word' id='word_1_151' title='bbox 361 2678 477 2754; x_wconf 89' lang='lat' dir='ltr'>armis,</span> <span class='ocrx_word' id='word_1_152' title='bbox 495 2701 565 2745; x_wconf 91' lang='lat' dir='ltr'>non</span> <span class='ocrx_word' id='word_1_153' title='bbox 581 2677 682 2768; x_wconf 85' lang='lat' dir='ltr'>Ajaci</span> <span class='ocrx_word' id='word_1_154' title='bbox 700 2700 796 2744; x_wconf 86' lang='lat' dir='ltr'>arma</span> <span class='ocrx_word' id='word_1_155' title='bbox 813 2690 983 2764; x_wconf 91' lang='lat' dir='ltr'>petuntur.</span> 
     </span>
     <span class='ocr_line' id='line_1_24' title="bbox 133 2786 1124 2873; baseline 0 -21"><span class='ocrx_word' id='word_1_156' title='bbox 133 2787 285 2853; x_wconf 86' lang='lat' dir='ltr'>conferat</span> <span class='ocrx_word' id='word_1_157' title='bbox 301 2788 354 2852; x_wconf 92' lang='lat' dir='ltr'>his</span> <span class='ocrx_word' id='word_1_158' title='bbox 371 2787 510 2852; x_wconf 91' lang='lat' dir='ltr'>Ithacus</span> <span class='ocrx_word' id='word_1_159' title='bbox 526 2786 697 2863; x_wconf 91' lang='lat' dir='ltr'>Rhesum,</span> <span class='ocrx_word' id='word_1_160' title='bbox 715 2786 957 2873; x_wconf 90' lang='lat' dir='ltr'>imbellemque</span> <span class='ocrx_word' id='word_1_161' title='bbox 975 2787 1124 2863; x_wconf 88' lang='lat' dir='ltr'>Dolona,</span> 
     </span>
     <span class='ocr_line' id='line_1_25' title="bbox 132 2892 1128 2980; baseline -0.004 -20"><span class='ocrx_word' id='word_1_162' title='bbox 132 2893 399 2979; x_wconf 87' lang='lat' dir='ltr'>Priamidenque</span> <span class='ocrx_word' id='word_1_163' title='bbox 417 2892 591 2957; x_wconf 90' lang='lat' dir='ltr'>Helenum</span> <span class='ocrx_word' id='word_1_164' title='bbox 607 2905 704 2978; x_wconf 90' lang='lat' dir='ltr'>rapta</span> <span class='ocrx_word' id='word_1_165' title='bbox 720 2915 798 2958; x_wconf 92' lang='lat' dir='ltr'>cum</span> <span class='ocrx_word' id='word_1_166' title='bbox 817 2892 961 2958; x_wconf 86' lang='lat' dir='ltr'>Pallade</span> <span class='ocrx_word' id='word_1_167' title='bbox 977 2907 1128 2980; x_wconf 89' lang='lat' dir='ltr'>captum.</span> 
     </span>
     <span class='ocr_line' id='line_1_26' title="bbox 132 2998 1183 3086; baseline -0.001 -21"><span class='ocrx_word' id='word_1_168' title='bbox 132 3002 209 3066; x_wconf 89' lang='lat' dir='ltr'>luce</span> <span class='ocrx_word' id='word_1_169' title='bbox 225 3000 310 3064; x_wconf 91' lang='lat' dir='ltr'>nihil</span> <span class='ocrx_word' id='word_1_170' title='bbox 329 3011 476 3086; x_wconf 89' lang='lat' dir='ltr'>gestum,</span> <span class='ocrx_word' id='word_1_171' title='bbox 494 2999 580 3062; x_wconf 91' lang='lat' dir='ltr'>nihil</span> <span class='ocrx_word' id='word_1_172' title='bbox 596 3010 648 3063; x_wconf 91' lang='lat' dir='ltr'>est</span> <span class='ocrx_word' id='word_1_173' title='bbox 664 2998 832 3064; x_wconf 90' lang='lat' dir='ltr'>Diomede</span> <span class='ocrx_word' id='word_1_174' title='bbox 849 3012 991 3065; x_wconf 85' lang='lat' dir='ltr'>remoto.</span> <span class='ocrx_word' id='word_1_175' title='bbox 1134 3033 1183 3072; x_wconf 85' lang='lat'>100</span> 
     </span>
     <span class='ocr_line' id='line_1_27' title="bbox 133 3105 965 3182; baseline -0.001 -11"><span class='ocrx_word' id='word_1_176' title='bbox 133 3107 160 3172; x_wconf 90' lang='lat' dir='ltr'>si</span> <span class='ocrx_word' id='word_1_177' title='bbox 178 3107 284 3171; x_wconf 88' lang='lat' dir='ltr'>semel</span> <span class='ocrx_word' id='word_1_178' title='bbox 302 3106 366 3170; x_wconf 90' lang='lat' dir='ltr'>ista</span> <span class='ocrx_word' id='word_1_179' title='bbox 382 3105 470 3170; x_wconf 87' lang='lat' dir='ltr'>datis</span> <span class='ocrx_word' id='word_1_180' title='bbox 487 3105 614 3171; x_wconf 88' lang='lat' dir='ltr'>meritis</span> <span class='ocrx_word' id='word_1_181' title='bbox 629 3117 699 3170; x_wconf 90' lang='lat' dir='ltr'>tam</span> <span class='ocrx_word' id='word_1_182' title='bbox 716 3107 839 3170; x_wconf 89' lang='lat' dir='ltr'>vilibus</span> <span class='ocrx_word' id='word_1_183' title='bbox 856 3127 965 3182; x_wconf 87' lang='lat' dir='ltr'>arma,</span> 
     </span>
     <span class='ocr_line' id='line_1_28' title="bbox 133 3205 956 3299; baseline -0.001 -22"><span class='ocrx_word' id='word_1_184' title='bbox 133 3205 285 3289; x_wconf 89' lang='lat' dir='ltr'>dividite,</span> <span class='ocrx_word' id='word_1_185' title='bbox 304 3223 337 3278; x_wconf 92' lang='lat' dir='ltr'>et</span> <span class='ocrx_word' id='word_1_186' title='bbox 352 3234 432 3299; x_wconf 92' lang='lat' dir='ltr'>pars</span> <span class='ocrx_word' id='word_1_187' title='bbox 448 3212 490 3277; x_wconf 91' lang='lat' dir='ltr'>sit</span> <span class='ocrx_word' id='word_1_188' title='bbox 505 3212 614 3299; x_wconf 86' lang='lat' dir='ltr'>major</span> <span class='ocrx_word' id='word_1_189' title='bbox 630 3211 808 3278; x_wconf 91' lang='lat' dir='ltr'>Diomedis</span> <span class='ocrx_word' id='word_1_190' title='bbox 825 3213 860 3277; x_wconf 93' lang='lat' dir='ltr'>in</span> <span class='ocrx_word' id='word_1_191' title='bbox 877 3213 956 3278; x_wconf 92' lang='lat' dir='ltr'>illis.</span> 
     </span>
     <span class='ocr_line' id='line_1_29' title="bbox 132 3319 1182 3407; baseline 0.005 -25"><span class='ocrx_word' id='word_1_192' title='bbox 132 3341 200 3405; x_wconf 89' lang='lat' dir='ltr'>quo</span> <span class='ocrx_word' id='word_1_193' title='bbox 216 3331 332 3383; x_wconf 89' lang='lat' dir='ltr'>tamen</span> <span class='ocrx_word' id='word_1_194' title='bbox 349 3321 436 3384; x_wconf 90' lang='lat' dir='ltr'>haec</span> <span class='ocrx_word' id='word_1_195' title='bbox 453 3319 594 3384; x_wconf 85' lang='lat' dir='ltr'>Ithaco?</span> <span class='ocrx_word' id='word_1_196' title='bbox 617 3319 674 3406; x_wconf 94' lang='lat' dir='ltr'>qui</span> <span class='ocrx_word' id='word_1_197' title='bbox 692 3321 796 3397; x_wconf 90' lang='lat' dir='ltr'>clam,</span> <span class='ocrx_word' id='word_1_198' title='bbox 814 3321 871 3407; x_wconf 93' lang='lat' dir='ltr'>qui</span> <span class='ocrx_word' id='word_1_199' title='bbox 889 3342 1025 3407; x_wconf 88' lang='lat' dir='ltr'>semper</span> <span class='ocrx_word' id='word_1_200' title='bbox 1041 3321 1182 3387; x_wconf 88' lang='lat' dir='ltr'>inermis</span> 
     </span>
     <span class='ocr_line' id='line_1_30' title="bbox 133 3425 990 3514; baseline 0.005 -25"><span class='ocrx_word' id='word_1_201' title='bbox 133 3449 205 3490; x_wconf 87' lang='lat' dir='ltr'>rem</span> <span class='ocrx_word' id='word_1_202' title='bbox 222 3427 321 3514; x_wconf 88' lang='lat' dir='ltr'>gerit,</span> <span class='ocrx_word' id='word_1_203' title='bbox 340 3437 374 3490; x_wconf 94' lang='lat' dir='ltr'>et</span> <span class='ocrx_word' id='word_1_204' title='bbox 390 3425 486 3490; x_wconf 89' lang='lat' dir='ltr'>surtis</span> <span class='ocrx_word' id='word_1_205' title='bbox 502 3425 675 3490; x_wconf 86' lang='lat' dir='ltr'>incautum</span> <span class='ocrx_word' id='word_1_206' title='bbox 693 3427 819 3512; x_wconf 88' lang='lat' dir='ltr'>decipit</span> <span class='ocrx_word' id='word_1_207' title='bbox 835 3427 990 3494; x_wconf 84' lang='lat' dir='ltr'>hostem?</span> 
     </span>
     <span class='ocr_line' id='line_1_31' title="bbox 133 3532 1181 3622; baseline 0.006 -27"><span class='ocrx_word' id='word_1_208' title='bbox 133 3533 206 3617; x_wconf 88' lang='lat' dir='ltr'>ipse</span> <span class='ocrx_word' id='word_1_209' title='bbox 223 3533 311 3597; x_wconf 92' lang='lat' dir='ltr'>nitor</span> <span class='ocrx_word' id='word_1_210' title='bbox 327 3532 449 3618; x_wconf 84' lang='lat' dir='ltr'>galeae</span> <span class='ocrx_word' id='word_1_211' title='bbox 467 3532 560 3596; x_wconf 89' lang='lat' dir='ltr'>claro</span> <span class='ocrx_word' id='word_1_212' title='bbox 576 3532 740 3600; x_wconf 88' lang='lat' dir='ltr'>radiantis</span> <span class='ocrx_word' id='word_1_213' title='bbox 757 3536 800 3599; x_wconf 89' lang='lat' dir='ltr'>ab</span> <span class='ocrx_word' id='word_1_214' title='bbox 817 3556 901 3601; x_wconf 84' lang='lat' dir='ltr'>auro</span> <span class='ocrx_word' id='word_1_215' title='bbox 1134 3567 1181 3622; x_wconf 83' lang='lat'>105</span> 
     </span>
     <span class='ocr_line' id='line_1_32' title="bbox 132 3637 929 3726; baseline 0.005 -25"><span class='ocrx_word' id='word_1_216' title='bbox 132 3637 274 3704; x_wconf 91' lang='lat' dir='ltr'>insidias</span> <span class='ocrx_word' id='word_1_217' title='bbox 291 3639 423 3723; x_wconf 87' lang='lat' dir='ltr'>prodet,</span> <span class='ocrx_word' id='word_1_218' title='bbox 443 3637 739 3726; x_wconf 79' lang='lat' dir='ltr'>manifestabitque</span> <span class='ocrx_word' id='word_1_219' title='bbox 756 3640 929 3705; x_wconf 90' lang='lat' dir='ltr'>latentem.</span> 
     </span>
    </p>

    <p class='ocr_par' dir='ltr' id='par_1_7' title="bbox 132 3744 1137 4038">
     <span class='ocr_line' id='line_1_33' title="bbox 179 3744 1137 3830; baseline 0.006 -22"><span class='ocrx_word' id='word_1_220' title='bbox 179 3744 275 3809; x_wconf 88' lang='lat' dir='ltr'>‘Sed</span> <span class='ocrx_word' id='word_1_221' title='bbox 292 3767 404 3830; x_wconf 91' lang='lat' dir='ltr'>neque</span> <span class='ocrx_word' id='word_1_222' title='bbox 421 3744 603 3809; x_wconf 90' lang='lat' dir='ltr'>Dulichius</span> <span class='ocrx_word' id='word_1_223' title='bbox 619 3746 684 3810; x_wconf 88' lang='lat' dir='ltr'>sub</span> <span class='ocrx_word' id='word_1_224' title='bbox 700 3744 848 3812; x_wconf 87' lang='lat' dir='ltr'>Achillis</span> <span class='ocrx_word' id='word_1_225' title='bbox 865 3748 999 3814; x_wconf 90' lang='lat' dir='ltr'>casside</span> <span class='ocrx_word' id='word_1_226' title='bbox 1016 3760 1137 3816; x_wconf 84' lang='lat' dir='ltr'>vertex</span> 
     </span>
     <span class='ocr_line' id='line_1_34' title="bbox 132 3849 1019 3940; baseline 0.01 -29"><span class='ocrx_word' id='word_1_227' title='bbox 132 3850 285 3932; x_wconf 88' lang='lat' dir='ltr'>pondera</span> <span class='ocrx_word' id='word_1_228' title='bbox 301 3856 394 3911; x_wconf 90' lang='lat' dir='ltr'>tanta</span> <span class='ocrx_word' id='word_1_229' title='bbox 407 3849 504 3926; x_wconf 88' lang='lat' dir='ltr'>feret,</span> <span class='ocrx_word' id='word_1_230' title='bbox 516 3870 581 3914; x_wconf 91' lang='lat' dir='ltr'>nec</span> <span class='ocrx_word' id='word_1_231' title='bbox 592 3872 662 3914; x_wconf 92' lang='lat' dir='ltr'>non</span> <span class='ocrx_word' id='word_1_232' title='bbox 671 3873 817 3917; x_wconf 89' lang='lat' dir='ltr'>onerosa</span> <span class='ocrx_word' id='word_1_233' title='bbox 834 3855 1019 3940; x_wconf 88' lang='lat' dir='ltr'>gravisque</span> 
     </span>
     <span class='ocr_line' id='line_1_35' title="bbox 132 3951 953 4038; baseline 0.006 -20"><span class='ocrx_word' id='word_1_234' title='bbox 132 3951 247 4018; x_wconf 90' lang='lat' dir='ltr'>Pelias</span> <span class='ocrx_word' id='word_1_235' title='bbox 264 3954 362 4018; x_wconf 90' lang='lat' dir='ltr'>hasta</span> <span class='ocrx_word' id='word_1_236' title='bbox 377 3963 487 4038; x_wconf 90' lang='lat' dir='ltr'>potest</span> <span class='ocrx_word' id='word_1_237' title='bbox 502 3954 696 4020; x_wconf 89' lang='lat' dir='ltr'>imbellibus</span> <span class='ocrx_word' id='word_1_238' title='bbox 713 3977 788 4021; x_wconf 86' lang='lat' dir='ltr'>esse</span> <span class='ocrx_word' id='word_1_239' title='bbox 805 3957 953 4036; x_wconf 91' lang='lat' dir='ltr'>lacertis,</span> 
     </span>
    </p>
   </div>
   <div class='ocr_carea' id='block_1_3' title="bbox 0 0 1388 4467">
    <p class='ocr_par' dir='ltr' id='par_1_8' title="bbox 0 0 1388 4467">
     <span class='ocr_line' id='line_1_36' title="bbox 0 0 1388 4467; baseline 0 0"><span class='ocrx_word' id='word_1_240' title='bbox 0 0 1388 4467; x_wconf 95' lang='lat' dir='ltr'> </span> 
     </span>
    </p>
   </div>
  </div>
 </body>
</html>
