2767 4467
150 336 336 409 X111.785.]
441 320 512 388 The
539 320 684 410 Cyclops
706 321 950 411 Polyphemus.
1144 337 1204 406 131

147 517 295 604 pulcher
312 527 348 584 et
362 518 496 585 octonis
511 518 632 585 iterum
649 520 821 586 natalibus
838 520 933 598 actis,

149 625 307 712 signarat
319 624 427 689 dubia
443 636 579 690 teneras
596 626 762 713 lanugine
779 628 900 691 malas.

149 733 243 797 hunc
259 739 343 820 ego',
362 753 418 796 me
436 728 590 818 Cyclops
605 732 700 795 nulla
719 753 797 797 cum
813 733 882 798 fine
897 733 1035 819 petebat
1045 756 1055 809 3
1155 761 1206 819 755

150 860 228 913 nec,
246 838 275 904 si
292 837 494 925 quaesieris,
513 837 630 902 odium
648 835 826 924 Cyclopis,
846 860 985 904 amorne

150 944 273 1011 Acidis
288 945 324 1010 in
340 945 440 1010 nobis
458 942 559 1008 fuerit
576 944 800 1028 praesentior,
821 946 944 1009 edam:

150 1074 214 1139 par
229 1063 413 1138 utrumque
429 1051 503 1116 fuit.
553 1048 621 1114 Pro
635 1047 643 1112 l
668 1062 796 1135 quanta
813 1051 963 1136 potentia
979 1051 1078 1139 regni

150 1169 214 1234 est,
231 1158 354 1224 Venus
373 1159 477 1234 alma,
493 1158 541 1222 tui
556 1155 563 1220 l
589 1177 714 1240 nempe
731 1156 790 1220 ille
807 1156 945 1222 immitis
962 1168 995 1222 et
1010 1158 1093 1244 ipsis

150 1266 344 1332 horrendus
360 1265 468 1342 silvis,
487 1275 520 1330 et
536 1263 630 1328 visus
648 1263 692 1326 ab
711 1262 843 1348 hospite
860 1265 955 1328 nullo
1154 1281 1207 1348 760

149 1373 305 1458 impune,
323 1384 358 1439 et
375 1374 491 1462 magni
509 1395 589 1439 cum
607 1372 659 1437 dis
677 1382 890 1456 contemptor
905 1372 1063 1460 Olympi,

149 1479 293 1565 quidsit
309 1501 406 1546 amor
422 1481 533 1556 sentit,
551 1478 726 1564 nostrique
744 1478 903 1562 cupidine
921 1490 1041 1566 captus

148 1585 270 1661 uritur,
288 1569 414 1652 oblitus
430 1607 592 1673 pecorum
611 1596 854 1670 antrorumque
872 1606 1025 1650 suorum.

189 1692 340 1779 Jamque
357 1692 416 1757 tibi
432 1692 575 1767 formae,
590 1691 731 1780 jamque
748 1701 799 1754 est
816 1689 974 1756 tibi‘cura
991 1691 1165 1777 placendi,

145 1796 219 1886 jam
236 1797 367 1885 rigidos
383 1799 491 1884 pectis
508 1799 637 1873 rastris,
656 1796 885 1883 Polypheme,
905 1796 1069 1882 capillos3
1153 1813 1203 1884 765

143 1904 219 1992 jam
235 1904 318 1970 libet
333 1904 500 1970 hirsutam
516 1905 574 1970 tibi
592 1904 680 1983 salce
697 1903 850 1968 recidere
867 1903 1022 1978 barbam,

148 2021 183 2074 et
199 2022 355 2095 spectare
372 2010 462 2076 feros
477 2011 513 2075 in
530 2032 632 2098 aqua,
651 2021 684 2076 et
699 2030 905 2095 componere
922 2009 1045 2075 vultus.

148 2117 266 2182 caedis
283 2137 381 2181 amor
396 2116 579 2203 feritasque
595 2117 734 2203 sitisque
750 2116 920 2181 immensa
937 2115 1067 2181 cruoris

147 2233 298 2298 cessant,
317 2233 351 2287 et
364 2233 456 2288 tutae
471 2223 679 2309 veniuntque
696 2224 889 2308 abeuntque
906 2222 1056 2287 carinae.

146 2328 316 2394 Telemus
333 2329 461 2394 interea
478 2329 630 2395 Siculam
648 2330 781 2393 delatus
800 2329 844 2393 ad
862 2327 1011 2404 Aetnen,
1152 2359 1204 2412 770

146 2436 315 2500 Telemus
332 2435 551 2522 Eurymides,
569 2456 673 2522 quem
688 2435 783 2500 nulla
800 2435 966 2508 fefellerat
983 2437 1067 2512 ales,

146 2542 335 2606 terribilem
366 2542 606 2629 Polyphemon
644 2541 714 2606 adit
724 2564 733 2617 ;
765 2541 946 2606 ‘Lumen’
976 2565 1056 2630 que,
1090 2543 1202 2630 ‘quod

284 2670 393 2713 unum

146 2754 257 2821 sronte
274 2755 368 2843 geris
384 2756 511 2833 media,
529 2756 638 2842 rapiet
653 2756 733 2822 tibi’
750 2755 835 2821 dixit
851 2757 1022 2824 ‘Ulixes'

147 2862 233 2937 risit,
251 2873 285 2927 et
300 2862 354 2928 Ὀ
370 2873 486 2926 vatum
502 2862 733 2938 stolidissime,
753 2864 881 2932 falleris
895 2867 903 2895 ’
919 2867 1050 2955 inquit:

147 2968 272 3033 ‘altera
285 2968 360 3057 jam
374 2969 511 3053 rapuit.’
556 2968 617 3036 Sic
635 2970 759 3035 frustra
775 2994 856 3037 vera
875 2987 1070 3041 monentem
1150 3008 1201 3064 775

147 3074 290 3158 spernit,
308 3085 342 3139 et
359 3086 416 3138 aut
432 3074 594 3161 gradiens
612 3076 743 3164 ingenti
762 3079 859 3143 litora
877 3103 982 3167 passu

147 3181 328 3267 degravat,
347 3191 405 3245 aut
420 3181 530 3246 sessus
546 3183 610 3247 sub
626 3205 736 3268 opaca
753 3186 930 3250 revertitur
945 3200 1054 3252 antra.

190 3286 367 3352 Prominet
381 3287 418 3351 in
433 3299 574 3373 pontum
591 3303 758 3358 cuneatus
775 3296 932 3359 acumine
949 3295 1054 3382 longo

147 3392 265 3457 collis:
289 3403 470 3481 utrumque
487 3395 576 3462 latus
597 3398 800 3464 circumfluit
817 3400 974 3486 aequoris
989 3402 1105 3467 unda:

146 3499 215 3564 huc
230 3499 323 3565 serus
340 3504 493 3570 ascendit
510 3505 678 3593 Cyclops,
697 3506 897 3593 mediusque
913 3507 1059 3582 resedit;
1148 3525 1200 3592 780

145 3606 325 3694 lanigerae
341 3612 506 3694 pecudes,
524 3613 619 3678 nullo
635 3614 794 3688 ducente,
813 3624 962 3678 secutae.

145 3714 201 3777 cui
215 3726 397 3803 postquam
418 3721 533 3806 pinus,
553 3719 666 3784 baculi
683 3740 773 3806 quae
790 3719 946 3804 praebuit
960 3740 1074 3795 usum,

145 3824 348 3908 antepedes
366 3825 475 3912 posita
493 3836 555 3901 est,
576 3824 745 3890 antemnis
761 3836 841 3909 apta
857 3823 1020 3898 ferendis

144 3943 350 4018 sumptaque
368 3931 592 3995 arundinibus
609 3941 788 4015 compacta
805 3940 856 3994 est
871 3929 983 3993 fistula
1000 3939 1150 4007 centum,

144 4048 326 4104 senserunt
341 4037 401 4100 toti
418 4036 566 4121 pastoria
583 4036 682 4100 sibila
700 4044 844 4107 monteS,
1148 4052 1198 4120 785
