2767 4467
233 273 298 340 126
454 275 608 363 Rr'valry
631 275 679 361 of
691 273 791 363 ΑΜ
814 276 888 341 and
902 272 1063 362 Ulysses.
1135 291 1274 364 [Mamm

229 472 307 559 quis
323 470 407 538 fuit?
430 484 481 538 est
498 471 628 538 Hector
643 472 790 538 violatus
806 473 948 538 vulnere
965 473 1073 537 nullo.

278 590 286 619 ‘
302 578 364 645 Me
380 579 543 645 miserum
557 577 565 643 l
590 590 719 665 quanto
735 598 842 666 cogor
858 578 1055 644 meminisse
1072 577 1190 642 dolore
1214 595 1277 648 ‘280

231 686 393 772 temporis
410 686 514 761 illius,
532 707 601 772 quo
617 684 763 750 Graium
781 707 911 760 muruS,
929 683 1086 750 Achilles

231 790 432 879 procubuitl
457 813 524 858 nec
540 814 594 856 me
611 792 775 856 lacrimae
792 792 946 857 luctusve
962 791 1107 856 timorve

230 900 420 974 tardarunt,
438 898 520 986 quin
538 920 662 984 corpus
678 899 784 962 humo
800 898 946 962 sublime
963 897 1138 962 referrem.

232 1005 285 1071 his
302 1006 467 1082 humeris,
481 1005 548 1081 his,
563 1006 716 1092 inquam,
732 1005 882 1070 humeris
895 1026 963 1092 ego
978 1025 1102 1090 corpus
1118 1002 1274 1076 Achillis,

231 1124 265 1178 et
281 1113 382 1178 simul
400 1133 497 1178 arma
511 1113 587 1188 tuli,
605 1133 694 1200 quae
711 1133 804 1177 nunc
818 1133 955 1198 quoque
971 1111 1059 1176 ferre
1076 1111 1207 1178 laboro.
1228 1127 1274 1193 285

278 1219 390 1285 ‘Sunt
406 1218 503 1295 mihi,
521 1240 610 1306 quae
626 1219 764 1283 valeant
779 1218 814 1283 in
831 1218 913 1282 talia
928 1218 1095 1303 pondera,
1113 1217 1223 1290 vires,

231 1335 282 1390 est
298 1326 432 1390 animus
449 1337 542 1390 certe
555 1336 687 1390 vestros
704 1345 866 1390 sensurus
882 1325 1042 1390 honores.

230 1431 360 1496 scilicet
375 1431 503 1497 idcirco
520 1453 582 1516 pro
597 1443 705 1518 gnato
720 1431 859 1498 caerula
877 1441 987 1497 mater

231 1536 412 1603 ambitiosa
427 1559 490 1602 suo
506 1537 581 1612 fuit,
598 1549 636 1602 ut
650 1538 814 1603 caelestia
830 1537 935 1614 dona,

232 1644 312 1707 artis
328 1665 414 1728 opus
431 1654 558 1719 tantae,
576 1643 670 1709 rudis
687 1655 721 1708 et
737 1643 811 1709 sine
826 1655 965 1730 pectore
980 1643 1079 1710 miles
1228 1675 1275 1728 29⁰

230 1749 408 1814 indueret?
432 1772 544 1837 neque
561 1751 653 1816 enim
671 1751 773 1837 clipei
790 1751 982 1816 caelamina
999 1752 1099 1826 norit,

231 1854 411 1936 Oceanum
428 1867 461 1921 et
477 1867 598 1932 terras,
616 1878 764 1943 cumque
781 1858 850 1922 alto
866 1857 979 1922 sidera
997 1859 1108 1933 caelo,

230 1959 472 2048 Pleiadasque,
514 1961 741 2050 Hyadasque,
782 1962 1040 2050 immunemque
1078 1962 1234 2050 aequoris

364 2065 511 2144 Arcton,

231 2173 452 2261 diversasque
468 2176 585 2252 urbes,
602 2175 817 2263 nitidumque
833 2177 971 2243 Orionis
986 2198 1118 2243 ensem.

230 2281 379 2366 postulat
393 2292 430 2346 ut
446 2281 561 2368 capiat
574 2304 664 2369 quae
680 2305 750 2348 non
766 2283 935 2372 intellegit
949 2304 1059 2350 arma.
1227 2309 1272 2368 295

277 2396 286 2426 ‘
303 2384 399 2474 Quid
416 2389 506 2474 quod
523 2410 591 2464 me,
609 2389 686 2455 duri
701 2388 891 2477 fugientem
907 2411 1050 2456 munera
1064 2389 1158 2466 belli,

232 2493 346 2579 arguit
360 2492 520 2578 incoepto
536 2516 650 2561 serum
669 2495 856 2560 accessisse
873 2496 995 2572 labori,

231 2620 297 2664 nec
312 2620 349 2664 se
367 2599 591 2687 magnanimo
608 2601 815 2666 maledicere
832 2602 934 2668 sentit
948 2600 1102 2667 Achilli?

231 2704 260 2769 si
276 2705 456 2770 simulasse
472 2727 578 2772 vocas
593 2707 736 2782 crimen,
756 2706 993 2774 simulavimus
1009 2709 1132 2782 amb03

231 2806 259 2872 si
277 2828 372 2872 mora
389 2829 452 2892 pro
468 2810 571 2894 culpa
588 2821 651 2886 est,
669 2831 737 2898 ego
754 2832 830 2876 sum
849 2813 1012 2877 maturior
1027 2813 1098 2876 illo.
1118 2863 1124 2880 ,
1228 2839 1275 2894 300

186 2996 190 3002 ⁸
232 2933 287 2975 me
303 2911 359 2996 pia
375 2913 519 2978 detinuit
534 2915 699 3002 conjunx,
718 2915 776 3000 pia
790 2929 902 2982 mater
915 2916 1112 2992 Achillemt

231 3016 410 3103 primaque
426 3029 505 3082 sunt
520 3018 588 3084 illis
604 3021 683 3084 data
699 3031 867 3107 tempora,
885 3035 998 3089 cetera
1015 3023 1126 3102 vobis.

232 3121 325 3187 haud
341 3123 457 3198 timeo,
475 3122 503 3188 si
516 3123 589 3212 jam
606 3146 741 3212 nequeo
756 3129 942 3194 defendere
958 3131 1089 3195 crimen

231 3247 310 3290 cum
326 3238 418 3293 tanto
435 3249 618 3296 commune
633 3232 720 3297 viro.
769 3233 970 3319 Deprensus
986 3235 1100 3302 Ulixis

231 3332 371 3420 ingenio
386 3345 503 3400 tamen
518 3336 589 3413 ille,
609 3348 642 3402 at
658 3361 727 3404 non
743 3339 863 3427 Ajacis
880 3340 1015 3406 Ulixes.
1226 3368 1272 3424 305

277 3449 286 3478 ‘
302 3428 401 3505 Neve
417 3440 453 3505 in
469 3463 524 3507 me
540 3445 683 3510 stolidae
700 3445 854 3511 convicia
870 3446 1014 3512 fundere
1030 3446 1171 3534 linguae

231 3544 440 3610 admiremur
456 3567 548 3624 eum,
561 3549 664 3614 vobis
680 3572 816 3637 quoque
833 3552 940 3638 digna
957 3553 1088 3637 pudore

230 3649 344 3715 obicit.
394 3650 451 3716 An
467 3652 554 3720 falso
570 3653 782 3721 Palameden
798 3657 940 3722 crimine
955 3669 1053 3743 turpe

230 3771 412 3819 accusasse
428 3756 524 3832 mihi,
542 3758 640 3822 vobis
656 3759 839 3824 damnasse
857 3761 1017 3826 decorum
1037 3761 1109 3826 est?

229 3856 291 3922 sed
306 3879 418 3946 neque
434 3859 649 3948 Naupliades
665 3863 799 3928 facinus
816 3865 1000 3932 defendere
1016 3878 1150 3933 tantum
1226 3898 1274 3952 3¹⁰

227 3970 366 4049 tamque
382 3977 504 4051 patens
519 3968 638 4051 valuit,
654 3989 719 4034 nec
735 3989 796 4034 vos
812 3971 954 4037 audistis
970 3971 1006 4037 in
1023 3972 1082 4039 illo
