2767 4467
158 303 302 375 1v.7.15.]
392 286 589 373 Approaca
611 286 659 371 os
669 286 728 350 the
749 284 1000 353 Sea-monster.
1166 298 1211 374 45

158 484 304 549 celasset
319 482 448 558 vultus,
466 480 494 547 si
509 502 584 546 uon
595 480 742 568 religata
756 480 890 547 suisset.

157 590 301 664 lumina,
320 587 550 675 quod-potuit,
568 587 721 652 lacrimis
735 586 889 673 implevit
904 588 1043 655 obortis.

202 692 353 779 Saepius
368 693 521 769 instanti,
538 714 602 758 sua
619 713 663 758 ne
679 692 804 759 delicta
818 692 917 770 lateri
1157 711 1209 782 ως

157 801 248 866 nolle
265 800 451 875 videretur,
469 819 601 865 nomen,
610 809 790 886 terraeque
804 820 987 891 suumque,

156 918 353 994 quantaque
370 917 547 970 maternae
562 903 805 970 fueritrfidoaeia
819 905 965 982 formae,

156 1014 296 1079 indicat.
327 1011 391 1077 Et
407 1011 559 1076 nondum
577 1010 773 1075 memoratis
788 1010 948 1077 omnibus
963 1011 1059 1079 unda

155 1120 318 1195 insonuit,
336 1117 547 1203 veniensque
561 1117 733 1183 immenso
746 1116 850 1182 belua
865 1128 969 1203 ponto

155 1226 325 1301 imminet,
343 1236 377 1289 et
391 1224 500 1288 latum
515 1223 577 1288 sub
593 1233 731 1309 pectore
743 1222 900 1308 possidet
915 1244 1056 1311 aequor„
1154 1242 1208 1315 ⁶90

201 1331 408 1398 Conclamat
423 1330 542 1415 virg03
567 1328 702 1417 genitor
716 1327 872 1416 lugubris
886 1340 922 1394 et
936 1351 1008 1396 una

154 1449 266 1504 mater
282 1437 391 1512 adest,
408 1436 511 1501 ambo
527 1435 655 1511 miseri,
672 1436 735 1501 secl
746 1436 873 1523 justius
886 1437 957 1502 itta.
985 1456 988 1462 ’

154 1564 222 1609 uec
237 1564 355 1609 secum
372 1541 552 1616 auxilium,
569 1542 631 1607 sed
646 1540 773 1628 dignos
788 1543 1056 1629 temporefletus
1095 1583 1112 1597 <·

154 1652 428 1738 plangoremque
444 1648 569 1723 ferunt,
586 1647 768 1736 vinctoque
784 1647 820 1713 in
836 1647 979 1735 corpore
994 1652 1203 1729 adbaerent3

84 1818 87 1821 .
154 1778 236 1822 cum
252 1756 303 1822 sic
319 1757 444 1841 hospes
461 1754 528 1819 ait:
555 1752 819 1820 &Lacrimarum
834 1756 940 1843 longa
957 1775 1096 1823 manere
1151 1775 1204 1845 ⁶95

153 1874 311 1949 tempora
337 1883 399 1928 vos
426 1871 620 1947 poteritate
639 1862 683 1928 ad
697 1882 817 1949 opem
841 1862 955 1929 brevis
969 1864 1067 1931 -bora
1094 1864 1207 1931 seren-

290 1969 458 2034 damest.·
635 2014 650 2021 ›·
695 2005 703 2016 -·

154 2078 247 2142 hanc
262 2097 329 2164 ego
345 2075 375 2141 si
391 2087 543 2162 peterem
559 2075 706 2143 Perseus
717 2076 805 2165 Jove
822 2086 922 2144 natus
937 2088 971 2143 et
986 2078 1059 2156 illa,

154 2204 260 2270 quam
275 2184 434 2249 clausam·
447 2182 602 2268 implevit
615 2182 787 2249 soectrndo
797 2183 956 2270 Juppiter
970 2205 1069 2260 auro,

155 2289 331 2377 Gorgonis
346 2288 576 2377 anguicomae
590 2288 945 2375 Perseussuperator,
962 2304 998 2357 et
1013 2292 1077 2359 alis

155 2397 325 2463 aetherias
341 2417 445 2461 ausus
457 2394 593 2484 jactatis
608 2396 658 2462 ire
674 2418 736 2482 per
751 2416 868 2473 auras,
933 2414 936 2419 ·
1152 2430 1206 2485 700

140 2503 346 2597 lpraeserrer
361 2502 492 2568 cunctis
508 2494 599 2569 certe
615 2523 734 2591 gener.
780 2503 921 2571 Addere
936 2504 1040 2571 tantis

153 2612 288 2677 dotibus
305 2623 339 2677 et
355 2612 526 2688 meritum,
542 2612 680 2679 faveant
695 2615 805 2680 modo
815 2615 969 2691 numina,
987 2627 1135 2703 tempto:

153 2730 192 2783 ut
208 2740 284 2784 mea
302 2719 345 2813 sit
360 2732 494 2785 servata
511 2740 588 2787 mea
604 2722 739 2799 virtute,
759 2723 947 2809 paciscor.'¹
1000 2764 1003 2769 -

155 2825 327 2911 accipiunt
343 2825 457 2915 legem
468 2830 597 2916 -quis
614 2831 706 2897 enim
724 2816 1011 2901 dubitaret?-et
1025 2846 1137 2912 orant,

154 2932 420 3020 promittuntque
437 2954 541 3021 super
556 2955 702 3025 regnum
720 2940 833 3005 dotale
849 2953 1020 3026 parentes.
1152 2971 1203 3029 705

200 3035 293 3101 Ecce
308 3036 404 3103 velut
417 3039 514 3105 navis
530 3042 685 3125 praefixo
701 3035 835 3109 concita
851 3057 958 3110 rostro

154 3143 266 3207 sulcat
280 3164 400 3229 aquas,
416 3145 582 3233 juvenum
599 3142 800 3217 sudantibus
817 3164 893 3218 acta
908 3152 1057 3228 lacertis,

53 3264 58 3277 ’
153 3249 204 3315 sic
221 3249 294 3315 sera
310 3250 446 3317 dimotis
460 3253 611 3338 impulsu
623 3256 775 3340 pectoris
790 3258 892 3324 undis
928 3249 930 3254 ’
961 3278 965 3285 “

151 3365 285 3421 tantum
301 3357 420 3424 aberat
434 3360 597 3444 scopulis
615 3373 780 3448 quantum
797 3363 978 3433 Balearica
993 3376 1080 3432 torto

151 3461 259 3527 sunda
276 3473 387 3547 potest
401 3465 542 3549 plumbo
560 3467 662 3532 medii
676 3471 903 3538 transmittere
919 3473 1028 3539 caelis
1152 3497 1204 3553 710

152 3588 231 3633 cum
248 3568 359 3633 subito
372 3569 522 3657 juvenis,
539 3572 684 3657 pedibus
700 3576 821 3641 tellure
836 3572 989 3663 repulsa,

152 3674 281 3739 arduus
297 3674 333 3738 in
347 3676 458 3741 nubes
475 3676 569 3743 abiit.
617 3678 715 3743 Utin
733 3701 881 3768 aequore
896 3706 1031 3749 summo

149 3781 274 3845 umbra
289 3779 353 3845 viri
371 3782 446 3849 visa
461 3795 525 3858 est,
542 3784 652 3848 visam
669 3784 742 3848 fera
757 3781 865 3850 saevit
880 3788 915 3851 in
930 3789 1101 3851 umbram.

100 3932 106 3945 .
149 3896 255 3973 utque
267 3886 364 3972 Jovis
380 3907 540 3973 praepes,
556 3909 667 3952 vacuo
684 3909 764 3953 cum
778 3890 863 3954 vidit
878 3890 913 3953 in
930 3910 1013 3953 arvo

148 3993 375 4081 praebentem
390 3991 533 4059 Phoebo
549 3992 689 4057 liventia
704 4004 804 4077 terga
813 3993 1018 4064 draconem,
1149 4013 1201 4069 71⁵
