2767 4467
130 310 259 383 Vl.231.]
445 292 514 359 The
542 290 858 379 On'esosrl'tbbe.

166 490 322 578 Adspicit
336 488 530 577 Alphenor,
548 490 745 577 laniataque
761 498 901 577 pectora
916 489 1089 579 plangens

129 597 268 673 advolat,
285 608 323 663 ut
339 598 475 686 gelidos
490 596 728 683 complexibus
744 597 870 662 allevet
885 607 1000 672 artum

128 702 220 789 inque
237 703 293 789 pio
310 705 402 769 cadit
417 703 543 779 officio,
561 724 642 768 nam
659 702 782 769 Delius
797 702 847 767 illi
1117 732 1170 790 ²30

127 808 237 875 intima
253 808 387 875 satisero
404 809 493 895 rupit
509 808 710 896 praecordia
726 808 828 874 ferro.

127 916 210 1001 quod
225 916 327 981 simul
345 916 519 990 eductum,
537 936 616 1001 pars
633 925 683 979 est
698 912 872 1000 pulmonis
887 913 923 980 in
940 914 1052 980 hamis

128 1032 226 1097 eruta,
244 1042 393 1109 cumque
411 1020 526 1085 anima
543 1040 644 1086 cruor
659 1030 712 1084 est
727 1019 857 1085 effusus
872 1019 908 1084 in
925 1040 1040 1086 auras.

165 1125 211 1192 At
225 1149 294 1193 non
310 1128 484 1193 intonsum
501 1127 649 1213 simplex
665 1124 963 1191 Damasichthona
977 1126 1103 1191 vulnus

111 1231 1170 1320 'fflfflmwwmwmmwn5

126 1340 234 1405 mollia
250 1361 417 1407 nervosus
432 1340 515 1405 facit
530 1337 722 1405 internodia
737 1338 873 1425 poples.

126 1447 267 1535 dumque
284 1470 390 1513 manu
407 1457 549 1534 temptat
564 1446 700 1511 trahere
717 1443 890 1511 exitiabile
904 1445 1024 1522 telum,

59 1582 63 1589 ·
127 1553 225 1619 altera
240 1576 301 1641 per
313 1554 478 1645 jugulum
493 1553 615 1641 pennis
631 1564 730 1618 tenus
747 1562 823 1617 acta
838 1552 964 1641 sagitta
980 1562 1043 1619 est.

126 1662 248 1745 expulit
263 1662 357 1728 hanc
373 1661 529 1750 sanguis,
547 1680 652 1747 seque
667 1659 859 1748 ejaculatus
875 1659 911 1724 in
928 1659 1034 1724 altum

126 1766 253 1851 emicat,
271 1780 306 1835 et
323 1768 428 1857 longe
443 1767 614 1833 terebrata
630 1766 761 1853 prosilit
777 1786 874 1831 aura.
1018 1792 1047 1851 ρ
1067 1820 1076 1841 .
1119 1779 1172 1837 260

167 1873 314 1943 Ultimus
332 1876 483 1941 Ilioneus
499 1895 567 1940 non
586 1872 779 1959 profectura
795 1872 971 1959 precando

125 1980 279 2049 bracchia
297 1983 494 2062 sustulerat,
512 1981 647 2069 Dique
669 1979 702 2046 0
715 1980 943 2046 communiter
957 1998 1084 2056 omnes,

119 2087 263 2163 dixerat,
281 2089 428 2178 ignarus
444 2110 512 2154 non
529 2074 650 2153 omnes
666 2108 743 2153 esse
759 2086 949 2175 rogandos,

120 2197 275 2279 parcz'tel
298 2196 419 2263 Motus
436 2207 521 2273 erat,
539 2216 618 2261 cum
632 2194 703 2283 jam
720 2194 914 2261 revocabile
930 2193 1035 2260 telum

126 2302 277 2380 nonfuit,
296 2301 525 2378 Arcitenens3
551 2301 693 2367 minimo
709 2311 825 2365 tamen
841 2299 966 2366 occidit
983 2300 1040 2366 ille
1119 2314 1171 2385 265

124 2408 271 2487 vulnere,
290 2432 362 2476 non
379 2410 445 2475 alte
461 2430 625 2496 percusso
641 2409 744 2473 corde
761 2407 897 2496 sagitta.

166 2514 272 2581 Fama
289 2516 373 2582 mali
389 2517 575 2604 populique
592 2516 689 2581 dolor
705 2515 938 2601 lacrimaeque
954 2533 1096 2585 suorum

111 2604 189 2687 'tam
205 2624 336 2691 subitae
354 2634 496 2689 matrem
513 2634 641 2688 certam
658 2622 772 2687 fecere
787 2622 909 2686 ruinae

124 2728 300 2795 mirantem
317 2730 479 2817 potuisse,
497 2730 784 2815 irascentemque,
802 2726 895 2814 quod
912 2723 986 2789 ausi

71 2911 73 2918 Ι
124 2834 188 2900 hoc
201 2837 458 2923 essentsuperi,
476 2836 569 2924 quod
584 2846 717 2901 tantum
730 2832 1013 2939 judqhaberent.
1120 2862 1172 2917 270

123 2962 200 3007 nam
216 2956 314 3029 pater
329 2942 520 3030 Amphion,
538 2944 627 3009 ferro
645 2963 706 3028 per
722 2952 841 3028 pectus
858 2941 993 3017 adacto,

26 3034 28 3045 ’
122 3046 252 3116 finierat
267 3051 418 3115 moriens
433 3050 560 3136 pariter
576 3071 654 3116 cum
671 3048 748 3113 luce
766 3048 932 3113 dolorem.

50 3181 53 3187 ·
166 3152 243 3221 Heu
260 3168 427 3244 quantum
444 3157 531 3223 haec
546 3155 659 3222 Niobe
676 3155 790 3220 Niobe
806 3154 954 3220 distabat
970 3151 1014 3218 ab
1030 3152 1103 3230 illa,

32 3256 46 3323 ss
122 3280 205 3346 quae
221 3264 325 3330 modo
340 3262 460 3331 Latois
476 3264 641 3348 populum
658 3271 890 3327 summoverat
906 3260 988 3335 aris,

56 3382 63 3394 ’
122 3376 153 3431 et
168 3370 317 3435 mediam
332 3370 456 3435 tulerat
471 3391 611 3456 gressus
627 3368 789 3454 resupina
805 3390 867 3455 per
882 3368 1017 3445 urbem,
1097 3435 1100 3438 ,
1119 3380 1170 3453 2'75

26 3514 28 3521 ,
121 3470 285 3541 invidiosa
302 3476 372 3541 suis
388 3474 395 3540 l
421 3488 455 3541 at
470 3496 562 3541 nunc
579 3474 774 3541 miseranda
790 3475 844 3540 vel
863 3473 964 3539 hosti.

88 3570 102 3673 τ’
121 3583 316 3667 corporibus
333 3584 457 3671 gelidis
473 3584 650 3657 incumbit,
670 3593 704 3647 et
718 3582 838 3647 ordine
855 3581 949 3658 nullo

26 3672 28 3679 ¹
121 3688 236 3754 oscula
251 3690 428 3775 dispensat
444 3700 541 3755 natos
557 3708 718 3773 suprema
733 3709 795 3773 per
810 3708 943 3753 omnes.
1047 3694 1050 3698 ’
1153 3728 1159 3742 ι

122 3796 279 3880 aquibus
295 3797 341 3862 ad
359 3796 491 3861 caelum
511 3795 648 3860 liventia
664 3791 828 3858 bracchia
844 3793 981 3866 tollens,

26 3880 33 3921 Γ
124 3899 304 3980 ‘Pascere,
324 3902 484 3979 crudelis,
503 3912 632 3977 nostr0,
649 3898 799 3972 Latona,
818 3898 956 3963 dolore:
1120 3916 1173 3969 280

36 4089 43 4105 ν
121 4010 279 4093 pascere'
295 4010 356 4085 ait,
376 4008 552 4096 ‘satisque
569 4025 645 4071 meo
661 4015 720 4067 tua
736 4014 875 4087 pectora
890 4002 1005 4062 luctus
