2767 4467
138 306 163 361 1.
190 304 246 379 ῃ]
350 286 421 353 Tae
443 285 629 353 Hcavens:
659 285 824 354 Creation
848 288 897 374 os
908 286 1012 354 Man.
1169 302 1187 375 7

137 496 234 572 parte
250 493 368 551 secant
382 504 504 560 zonae,
522 483 639 572 quinta
657 493 708 549 est
723 483 896 551 ardentior
912 484 1001 551 illis:

138 592 188 657 sic
203 613 290 656 onus
305 590 474 656 inclusum
491 612 634 657 numero
650 590 805 656 distinxit
820 591 942 656 eodem

138 718 221 761 cura
237 696 306 774 dei,
324 698 531 783 totidemque
548 699 674 784 plagae
690 698 811 763 tellure
828 709 1040 783 premuntur.

138 824 283 890 quarum
300 824 388 890 quae
405 804 517 868 media
534 814 597 878 est,
615 825 684 869 non
701 814 752 869 est
768 803 964 869 habitabilis
980 816 1098 880 aestu;

138 908 199 973 nix
214 908 298 996 tegit
314 910 383 974 alta
399 910 506 983 duas3
530 909 669 975 totidem
686 909 774 975 inter
789 920 969 998 utramque
986 911 1123 988 locavit,
1157 943 1191 999 5⁰

138 1014 405 1102 temperiemque
415 1015 520 1095 dedit,
530 1016 635 1080 mixta
653 1036 731 1080 cum
749 1016 878 1104 frigore
894 1016 1046 1081 flamma.

184 1120 344 1186 Imminet
360 1120 414 1186 his
431 1125 509 1186 aer:
534 1121 606 1209 qui,
624 1132 753 1208 quanto
770 1133 821 1188 est
837 1124 989 1207 pondere
1006 1133 1116 1189 terrae

138 1228 274 1314 pondus
291 1248 401 1315 aquae
417 1226 540 1311 levius,
559 1239 653 1293 tanto
670 1240 722 1294 est
736 1230 912 1297 onerosior
928 1230 1014 1320 igni.

139 1333 209 1399 illic
226 1343 259 1398 et
275 1334 431 1409 nebulas,-
448 1333 520 1399 illic
530 1334 720 1400 consistere
737 1337 846 1403 nubes

134 1439 249 1529 jussit,
268 1450 301 1505 et
317 1442 486 1505 humanas
503 1451 636 1505 motura
652 1441 799 1508 tonitrua
815 1454 957 1521 mentes,
1159 1473 1191 1531 55

139 1557 267 1611 etcum
284 1546 483 1612 fulminibus
498 1545 664 1612 facientes
681 1546 812 1636 frigora
825 1562 958 1639 ventos.

139 1651 193 1718 his
209 1674 345 1740 quoque
362 1674 430 1718 non
447 1651 575 1738 passim
594 1655 712 1720 mundi
729 1654 913 1722 fabricator
928 1657 1127 1723 habendum

139 1764 219 1825 abra
236 1759 411 1844 permisit:
435 1759 495 1824 vix
512 1780 603 1825 nunc
620 1760 790 1830 obsistitur
805 1761 884 1841 illis,

137 1886 218 1933 curn
234 1886 298 1930 sua
313 1865 457 1953 quisque
474 1877 598 1955 regant
613 1867 750 1933 diverso
766 1868 908 1935 flamina
922 1880 1045 1946 tractu,

26 2002 30 2011 ·
137 1971 220 2061 quin
237 1971 367 2037 lanient
384 1972 569 2049 mundum3
594 1984 686 2040 tanta
703 1985 756 2039 est
770 1974 941 2041 discordia
956 1977 1111 2042 fratrum·
1156 1992 1192 2048 60

136 2076 253 2145 Eurus
269 2079 314 2145 ad
330 2098 490 2144 auroram
507 2078 756 2167 Nabataeaque
772 2102 882 2170 regna
897 2083 1051 2160 recessit,

112 2276 114 2282 y
136 2185 350 2273 Persidaque
367 2196 402 2251 et-
416 2186 520 2251 radiis
533 2186 619 2275 juga
636 2187 772 2253 subdita
788 2188 984 2265 matutinis3

135 2292 274 2380 Vesper
290 2303 323 2357 et
337 2291 483 2357 occiduo
498 2313 587 2379 quae
603 2292 702 2358 litora
718 2295 791 2361 sole
807 2305 998 2382 tepescunt,

137 2398 296 2486 proxima
313 2410 391 2465 sunt
406 2394 569 2486 Zephyro
582 2420 590 2473 ;
616 2398 796 2486 Scythiam
813 2412 1013 2489 septemque
1028 2400 1173 2467 trionem

137 2505 282 2571 horrifer
298 2505 422 2571 invasit
438 2504 590 2579 Boreas;
615 2506 785 2571 contraria
802 2507 903 2573 tellus
1155 2525 1189 2594 σς

138 2612 285 2678 nubibus
303 2612 448 2677 assiduis
465 2610 650 2699 pluvioque
668 2612 833 2677 madescit
849 2614 893 2678 ab
912 2610 1052 2676 Austro.

137 2718 226 2783 haec
241 2739 345 2805 super
360 2717 521 2803 imposuit
537 2718 705 2805 liquidum
722 2728 755 2782 et
771 2717 938 2805 gravitate
955 2728 1128 2784 carentem

138 2826 291 2900 aethera,
310 2824 573 2911 necquicquam
592 2835 748 2888 terrenae
764 2824 871 2890 faecis
888 2826 1083 2890 habentem.

180 2928 254 2995 Vix
270 2930 316 2995 ita
331 2930 493 2997 limitibus
509 2931 741 3017 dissaepserat
756 2932 873 2996 omnia
889 2932 1003 3009 certis,

137 3058 217 3101 curn
233 3058 323 3125 quae
340 3057 458 3123 pressa
475 3038 533 3112 diu
551 3059 664 3105 massa
681 3039 811 3103 latuere
828 3039 891 3103 sub
908 3038 980 3114 illa,
1156 3069 1191 3123 70

137 3143 250 3208 sidera
267 3136 453 3229 cdeperunt
469 3154 537 3209 toto
554 3144 780 3211 effervescere
796 3145 914 3210 caelo:
952 3229 955 3233 A

136 3270 206 3314 neu
222 3248 318 3338 regio
334 3249 421 3315 foret
436 3250 507 3315 ulla
522 3250 594 3315 suis
611 3251 842 3316 animantibus
857 3251 954 3324 orba,

137 3367 228 3421 astra
244 3366 360 3421 tenent
376 3357 524 3421 caeleste
540 3357 652 3422 solum
667 3358 867 3444 formaeque
890 3359 1053 3434 deorum3

136 3475 313 3527 cesserunt
330 3462 443 3528 nitidis
460 3462 668 3543 habitandae
684 3463 835 3547 piscibus
851 3464 986 3539 undae3

134 3578 226 3633 terra
242 3569 332 3634 feras
349 3569 451 3654 cepit,
468 3568 626 3634 volucres
643 3569 817 3657 agitabilis
834 3576 905 3635 adr.
1156 3598 1189 3657 73

180 3674 343 3741 Sanctius
360 3674 413 3739 his
431 3674 560 3739 animal
577 3676 769 3761 mentisque
786 3676 950 3762 capacius
966 3677 1056 3743 altae

134 3780 253 3847 deerat
269 3781 397 3856 adhuc,
415 3790 449 3846 et
463 3780 555 3867 quod
571 3780 741 3845 dominari
757 3781 793 3846 iu
809 3794 922 3848 cetera
939 3794 1067 3867 posset.

135 3898 234 3953 natus
250 3888 355 3953 homo
371 3896 442 3951 est:
466 3886 539 3952 sive
556 3887 649 3951 hunc
665 3886 782 3952 divino
797 3888 928 3954 semine
945 3887 1026 3954 fecit

134 3994 191 4061 ilie
207 3994 326 4083 opifex
342 4014 469 4071 rerum,
489 3992 608 4059 mundi
625 3992 775 4057 melioris
791 3993 902 4081 origo,
