2767 4467
136 280 179 336 lv.
198 281 275 352 792]
559 264 630 330 sse
652 263 768 330 Fastt.

133 459 203 527 Nec
216 469 338 526 noceat
353 461 512 527 turbasse
526 459 644 541 lacus<
668 460 846 548 ignoscite,
863 459 1046 549 nymphae,

170 567 271 632 Mota
287 567 382 653 quod
395 568 557 633 obscuros
572 568 706 654 ungula
713 567 806 650 sece't
821 588 943 653 aquas.
1053 613 1058 626 .

138 673 197 750 Tu,
214 676 293 749 dea,
305 679 377 761 pro
393 674 490 738 nobis
494 675 618 758 fontes
622 675 850 759 fontanaque
859 674 968 761 placo

169 778 329 846 Numina
337 799 350 858 ‚·
375 788 414 844 tu
429 786 570 866 sparsos
581 787 652 866 per
668 801 785 844 nemus
801 800 900 844 omne
914 780 1006 845 deos.
1130 795 1183 862 760

13 874 14 879 ἵ
131 885 203 953 Nee
217 887 385 973 dryadas,
402 906 465 950 nec
480 907 542 950 nos
558 887 737 950 videamus
754 885 856 950 labra
873 885 1029 961 Dianae,

169 991 249 1060 Nee
263 992 441 1069 Faunum,
459 993 570 1056 medio
586 1013 662 1057 eum
675 993 811 1080 premit
825 1013 915 1056 arvo
930 991 998 1056 die.

130 1099 222 1166 Pelle
238 1101 372 1188 procul
383 1100 538 1166 morbos:
564 1099 707 1164 valeant
725 1097 944 1184 hominesque
955 1118 1164 1185 gregesque,

166 1207 221 1287 ‚Er
235 1207 378 1271 valeant
392 1205 528 1294 vt'giles‚
541 1204 699 1294 provida
715 1204 834 1279 turba,
852 1224 966 1270 canes.

129 1311 222 1380 Neve
237 1317 350 1378 minus
365 1314 488 1378 multos
504 1313 662 1399 redigam
680 1331 784 1395 quam
801 1312 1074 1393 manesuerunt‚
1130 1325 1180 1396 7⁶5

170 1417 271 1486 Neve
281 1442 420 1508 gemam
436 1423 594 1506 reserens
608 1417 741 1482 vellera
758 1423 866 1502 rapta
882 1417 977 1503 lupo.

128 1525 227 1593 Absit
241 1529 364 1614 iniqua
370 1533 509 1616 sames:
533 1526 660 1593 herbae
663 1523 886 1608 frondesque
900 1523 1089 1608 supersint,

170 1633 341 1721 „Quaeque
356 1635 474 1700 lavent
489 1642 600 1714 artus,
617 1651 774 1718 quaeque
790 1628 967 1705 bibantur,
986 1649 1111 1715 aquae.

135 1739 249 1807 Ubera
259 1741 370 1828 plena
380 1747 563 1828 premam:
588 1741 724 1822 reserat
739 1735 829 1800 mibi
841 1756 958 1800 caseus
975 1756 1075 1809 aera,

170 1846 334 1934 Dentque
348 1848 442 1912 viam
459 1847 591 1932 liquido
607 1846 739 1910 m'rmna
756 1862 846 1908 rara
861 1863 951 1906 sero.
1129 1867 1183 1922 770

127 1953 299 2039 Lunaque
312 1954 505 2041 proveniat
519 1952 635 2018 nullas
650 1951 791 2017 laesura
802 1948 956 2037 puellas,

169 2059 291 2124 Mollis
307 2068 341 2124 et
355 2059 406 2124 ad
418 2068 554 2125 teneras
572 2058 759 2146 quamlibet
774 2063 859 2144 apta
876 2077 1011 2120 suanus.

126 2165 228 2252 ¹²Quae
237 2173 382 2254 precor,
402 2167 562 2230 evomant
568 2186 582 2245 ,·
606 2172 640 2230 et
654 2164 902 2248 nossaeiamus
918 2161 967 2226 ad
981 2183 1111 2227 anuum
1132 2190 1181 2251 775

170 2272 357 2339 Pastorum
373 2273 533 2338 dammae
542 2272 702 2360 grandia
719 2270 790 2335 liba
805 2269 901 2335 Pali.

12 2364 13 2367 ¹
128 2377 192 2444 His
208 2380 274 2445 dea
291 2380 462 2465 placenda
477 2390 550 2456 est3
575 2379 662 2444 haec
677 2388 713 2446 tu
729 2397 916 2444 conversus
933 2375 978 2442 ad
994 2388 1088 2443 ortus

170 2486 237 2552 Dic
252 2499 385 2574 quater,
402 2499 436 2553 et
450 2487 529 2552 vivo
545 2487 663 2572 perlue
680 2507 756 2552 rore
774 2506 909 2551 manus.

124 2592 216 2657 Tum
232 2593 313 2659 licet
329 2592 497 2680 adposita,
515 2592 618 2658 veluti
635 2603 781 2669 cratere,
800 2592 960 2669 camella,

168 2699 246 2765 Lac
261 2701 399 2766 niveum
415 2711 512 2787 potes
527 2721 805 2788 purpureamque
822 2719 964 2785 supam3
1132 2719 1184 2784 730

124 2806 279 2894 Moxque
297 2828 358 2892 per
373 2808 531 2874 ardentes
547 2806 693 2893 stipulae
710 2805 916 2893 crepitantes
934 2828 1076 2876 acervos

169 2912 328 2978 Traicias
344 2913 447 2978 celeri
464 2924 602 2981 strenua
619 2914 774 2979 membra
792 2914 894 3000 pede.

122 3017 311 3105 Expositus
327 3041 401 3086 mos
415 3032 487 3086 est:
511 3020 616 3088 moris
633 3020 717 3086 mihi
736 3034 840 3090 restat
855 3025 966 3114 origo.

167 3124 288 3191 Turba
306 3125 387 3192 facit
401 3127 556 3203 dubium,
574 3141 766 3218 coeptaque
785 3144 899 3198 nostra
916 3143 1019 3200 tenet.

122 3231 251 3297 Omnia
268 3245 394 3320 purgat
409 3234 499 3302 edax
516 3233 621 3322 ignis,
640 3237 828 3325 vitiumque
847 3238 993 3305 metallis
1131 3257 1181 3326 785

167 3338 360 3426 Excoquit:
385 3340 512 3406 idcirco
530 3364 609 3408 cum
628 3346 717 3410 duce
735 3357 859 3433 purgat
875 3342 970 3410 ovis?

12 3526 13 3543 ¹
123 3443 195 3520 An,
213 3446 295 3533 quia
312 3458 510 3514 cunctarum
529 3451 701 3520 contraria
719 3451 851 3517 semina
868 3473 981 3518 rerum

169 3550 257 3618 Sunt
273 3552 342 3619 duo
358 3554 547 3634 discordes,
568 3558 659 3647 ignis
676 3571 710 3625 et
726 3560 832 3634 unda,
851 3558 919 3635 dei,

12 3726 13 3735 7
118 3655 314 3742 Junxerunt
330 3661 500 3729 elementa
518 3678 643 3750 patres,
663 3677 848 3752 aptumque
866 3676 1026 3751 putarunt

166 3763 314 3852 ⁴Ignibus
329 3780 364 3835 et
379 3792 501 3857 sparsa
516 3783 660 3858 tangere
676 3792 800 3856 corpus
817 3770 929 3857 aqua?
1127 3799 1180 3856 790

120 3866 193 3945 An,
211 3874 305 3959 quod
321 3875 357 3942 in
374 3877 428 3942 his
444 3877 535 3942 vitae
550 3897 657 3942 causa
672 3887 736 3954 est,
752 3877 839 3940 haec
855 3876 1000 3959 perdidit
1017 3875 1128 3949 exsul,

168 3979 234 4047 His
251 4004 343 4049 nova
359 3984 396 4048 fit
412 3983 578 4072 conjunx,
589 3984 685 4050 ,haec
700 3983 770 4048 duo
787 4001 916 4066 magna
932 3979 1073 4067 putant?
