2767 4467
152 254 190 311 V.
203 253 283 328 396.]
395 239 610 329 stosopme
633 240 664 305 is
685 239 793 305 stolen
817 240 860 327 dy
881 238 1001 307 Pluto.
1174 256 1216 329 51

154 434 380 529 depositique
398 449 521 513 metus,
539 436 642 546 vidpt
647 437 740 502 hunc
757 435 909 524 Erycina
924 447 1112 525 vagantem

154 554 272 607 monte
290 558 360 651 sup
376 539 542 619 residens,
561 525 747 652 naptquue
763 543 924 629 amplexa
940 542 1114 610 volucrem

157 644 295 713 ‘Arma
315 670 510 736 manusque
528 670 638 724 meae,
658 669 748 724 mea,
766 661 859 724 nate,
877 645 1038 735 potentia,
1041 648 1152 717 ’dixit

158 752 254 829 ‘illa‚
273 756 405 842 quibus
422 776 564 840 superas
579 776 714 829 omnes,
731 776 818 842 cape
834 756 914 831 tela,
932 754 1082 842 Cupido,

155 855 262 943 inque
280 858 341 923 dei
359 869 479 943 pectus
494 857 621 923 celeres
639 856 758 923 molire
774 857 930 945 sagittas,

156 962 211 1027 cui
229 962 380 1049 triplicis
398 962 500 1029 cessit
514 963 648 1029 fortuna
664 962 851 1029 novissima
866 963 979 1051 regni.

155 1079 192 1131 tu
210 1090 361 1155 superos
378 1068 558 1156 ipsumque
569 1068 708 1155 Jovem,
725 1078 761 1133 tu
777 1067 919 1133 numina
934 1068 1028 1154 ponti

156 1174 250 1240 victa
268 1176 407 1251 domas,
426 1174 605 1263 ipsumque
621 1174 711 1263 regit
725 1174 784 1262 qui
801 1174 942 1241 numina
959 1174 1065 1262 ponti.
1165 1206 1218 1263 370

156 1278 314 1346 Tartara
330 1281 414 1369 quid
430 1280 587 1347 cessant?
609 1302 671 1347 eur
687 1302 757 1347 non
773 1280 959 1369 matrisque
974 1292 1139 1370 tuumque

158 1386 349 1473 imperium
364 1386 519 1474 profers?
541 1387 655 1476 agitur
670 1408 751 1473 pars
766 1386 864 1453 tertia
880 1388 1010 1454 mundi.

159 1504 193 1558 et
210 1505 331 1560 tamen
347 1494 383 1560 in
400 1495 509 1571 caelo,
527 1515 616 1581 quae
629 1494 702 1583 jam
720 1492 883 1580 patientia
899 1506 1014 1560 nostra
1029 1505 1094 1573 est,

140 1600 373 1704 'spernimum
392 1622 434 1666 ac
449 1622 584 1666 mecum
601 1601 691 1667 vires
709 1600 905 1666 minuuntur
920 1600 1072 1668 Amoris.

159 1704 311 1772 Pallada
327 1728 443 1773 nonne
458 1706 555 1773 vides
568 1705 872 1795 jaculatricemque
890 1706 1040 1773 Dianam
1048 1699 1067 1740 ⁸¹
1164 1736 1215 1794 375

160 1813 373 1879 abscessisse
391 1811 496 1878 mihi?
519 1812 657 1879 Cereris
672 1834 808 1899 quoque
824 1813 894 1878 filia
910 1814 1022 1902 virgo,

160 1920 190 1984 si
209 1919 392 2005 patiemur,
412 1919 494 1994 erit3
519 1940 600 1985 nam
617 1940 696 2006 spes
713 1919 862 1985 adfectat
877 1922 1030 1986 easdem.

161 2038 198 2091 at
213 2036 263 2117 tu,
282 2048 344 2111 pro
360 2026 455 2092 socio
474 2025 589 2113 (siqua
606 2037 658 2091 est
673 2046 716 2091 ea
732 2026 861 2113 gratia)
881 2048 1004 2115 regno,

157 2132 270 2222 junge
285 2132 389 2199 deam
405 2132 551 2217 patruo!
597 2131 693 2197 Dixit
708 2130 849 2208 Venus3
873 2134 931 2199 ille
947 2135 1143 2220 pharetram

162 2240 276 2315 solvit,
289 2251 335 2318 et,
344 2240 483 2306 arbitrio
500 2239 628 2315 matris,
647 2240 690 2305 de
709 2239 802 2305 mille
818 2239 950 2327 sagittis
1163 2259 1217 2325 380

163 2366 268 2411 unam
286 2344 452 2432 seposuit,
470 2346 531 2411 sed
546 2366 616 2432 qua
633 2365 699 2411 nec
714 2346 844 2413 acutior
860 2346 944 2422 ulla,

163 2473 229 2518 nee
246 2452 359 2518 minus
375 2452 505 2517 incerta
523 2464 586 2527 est,
604 2472 670 2518 nec
685 2473 776 2539 quae
792 2452 906 2540 magis
921 2452 1040 2518 audiat
1054 2474 1167 2519 arcus.

162 2558 389 2645 oppositoque
405 2579 498 2646 genu
514 2558 669 2624 curvavit
685 2557 800 2623 flexile
816 2579 946 2624 cornu:

99 2698 113 2713 -=
161 2664 266 2751 inque
283 2686 343 2730 cor
360 2667 497 2740 hamata
513 2666 681 2751 percussit
698 2666 865 2731 arundine
882 2665 1030 2734 Ditemo

210 2773 316 2839 Haud
332 2774 452 2857 procul
471 2771 649 2857 Hennaeis
667 2773 764 2838 lacus
779 2783 831 2837 est
848 2792 868 2836 a
885 2773 1063 2837 moenibus
1079 2772 1181 2852 altae,

162 2880 302 2946 nomine
318 2879 466 2967 Pergus,
484 2900 606 2966 aquae.
655 2876 738 2945 Non
754 2879 813 2945 illo
829 2880 926 2965 plura
944 2878 1109 2966 Caystros

161 2987 318 3052 carmina
335 3007 522 3073 cycnorum
538 2986 732 3052 labentibus
749 2987 843 3052 audit
857 2986 892 3050 in
909 2987 1022 3073 undis.

162 3092 250 3157 silva
266 3103 408 3158 coronat
424 3112 532 3179 aquas
549 3093 693 3179 cingens
709 3093 799 3158 latus
814 3114 929 3168 omne,
947 3093 1087 3179 suisque

162 3197 340 3265 frondibus
356 3209 394 3263 ut
409 3199 485 3265 velo
502 3197 681 3265 Phoebeos
699 3198 877 3264 submovet
892 3198 1003 3287 ignes.

161 3304 292 3394 frigora
309 3306 393 3371 dant
408 3305 508 3381 rami,
526 3304 653 3392 Tyrios
671 3306 796 3370 humus
813 3305 955 3371 humida
970 3304 1093 3370 flores:
1162 3335 1214 3390 390

162 3424 365 3497 perpetuum
382 3434 443 3477 ver
459 3422 520 3477 est.
570 3410 651 3495 Quo
668 3411 748 3476 dum
767 3410 972 3496 Proserpina
989 3410 1067 3475 luco

161 3516 260 3592 ludit,
279 3530 312 3583 et
327 3529 386 3584 aut
401 3517 511 3582 violas
528 3529 586 3582 aut
601 3517 749 3582 candida
766 3517 837 3582 lilia
853 3516 974 3602 carpit,
1030 3573 1034 3581 .

161 3624 313 3710 dumque
330 3623 475 3709 puellari
492 3623 603 3688 studio
620 3623 842 3709 calathosque
858 3623 1039 3705 sinumque

160 3728 292 3815 implet,
313 3741 345 3794 et
361 3730 524 3815 aequales
541 3740 647 3793 certat
662 3749 826 3813 superare
841 3727 1005 3812 legendo,

161 3854 273 3919 paene
290 3834 392 3900 simul
408 3835 482 3899 visa
499 3843 549 3898 est
565 3833 758 3924 dilectaque
774 3840 940 3911 raptaque
958 3824 1050 3887 Diti·
1160 3849 1210 3903 395

160 3960 270 4028 usque
287 3940 376 4005 adeo
393 3949 444 4005 est
459 3947 661 4024 properatus
678 3952 787 3998 amor.
835 3930 913 3991 Dea
928 3923 1043 3987 territa
1059 3931 1189 3981 maesto
