2767 4467
150 275 193 330 lv.
214 276 291 349 856]
434 265 506 332 The
527 263 723 349 Fouudiug
742 262 790 347 os
804 259 927 326 Roure.
1141 277 1207 350 139

35 501 36 522 r
151 455 253 521 Fossa
268 457 424 542 repletur
439 457 558 535 humo,
576 458 770 546 plenaeque
785 458 971 546 imponitur
987 478 1061 536 ara,

190 561 234 625 Et
249 584 360 628 novus
378 585 525 630 accenso
542 564 696 651 fungitur
713 565 794 652 igne
812 567 919 630 locus.

34 678 35 685 ’
153 666 231 731 lnde
248 690 411 753 premens
428 670 548 734 stivam
567 670 726 757 designat
743 672 878 736 moenia
895 672 1012 738 sulco:
1154 692 1204 761 8²5

190 773 284 839 Alba
296 775 423 863 jugum
439 776 539 842 niveo
556 797 634 841 cum
652 777 739 842 bove
756 798 862 842 vacca
879 777 965 843 tulit.

151 879 227 946 Vox
244 881 305 945 fuit
321 882 410 947 haec
426 883 539 970 regis:
570 881 752 957 Gaudenti,
777 881 963 970 Juppiter,
982 885 1100 951 urbem

191 987 244 1052 Et
253 990 398 1074 gemtor
413 988 561 1053 Mavors
591 987 758 1075 Vestaque
773 999 898 1067 mater,
917 991 1023 1056 adesi

150 1093 313 1180 ¹Quosque
323 1097 426 1181 pium
443 1104 491 1160 est
507 1095 671 1159 adhibere
686 1095 780 1171 deos,
793 1096 970 1186 ¹advertite
985 1100 1120 1165 cuuctil

191 1199 402 1286 Auspieibus
417 1202 511 1265 vobis
526 1200 589 1264 hoc
604 1200 693 1264 mihi
705 1212 831 1289 surgat
848 1210 945 1291 opus.
1154 1225 1205 1292 830

149 1306 276 1392 Longa
290 1307 337 1369 sit
350 1306 432 1370 huie
446 1315 542 1370 aetas
558 1307 786 1396 dominaeque
795 1312 954 1396 poteutr'a
973 1320 1104 1391 terrae,

194 1410 318 1499 Sitque
331 1413 393 1475 sub
409 1413 475 1476 hac
490 1415 605 1477 ore’eus
622 1415 850 1503 occiduusque
867 1419 952 1482 dies

150 1517 211 1582 Ille
228 1519 454 1603 precabatur:
478 1518 603 1584 tonitru
621 1521 714 1587 dedit
729 1522 844 1588 omina
862 1525 960 1592 laevo

188 1624 357 1711 Juppiter,
377 1636 411 1690 et
426 1625 525 1691 laevo
542 1625 685 1692 fulmina
702 1629 805 1695 missa
822 1631 914 1716 polo.

149 1731 307 1821 Augurio
322 1732 403 1797 laeti
416 1732 548 1820 jaciunt
565 1732 765 1801 fundamina
782 1737 886 1812 cives,
1153 1758 1204 1825 835

195 1840 239 1904 Et
255 1861 363 1905 novus
379 1839 510 1928 exiguo
526 1850 676 1927 tempore
695 1865 812 1908 murus
828 1855 913 1910 erat.

150 1947 227 2014 Hoc
244 1947 347 2014 Celer
363 1958 465 2035 urget
480 1968 578 2033 opus,
597 1970 700 2035 quern
717 1949 888 2017 Romulus
905 1951 978 2039 ipse
994 1962 1145 2031 vocarat,

195 2054 384 2142 ‘Sint'que‚
405 2053 543 2130 ‘Celer,
562 2055 684 2120 curae'
700 2056 835 2122 dixerat
853 2058 938 2124 ‘ista
954 2070 1054 2124 tuae:

149 2161 249 2228 Neve
264 2162 341 2249 quis
358 2171 416 2226 aut
433 2183 560 2236 muros,
578 2172 636 2228 aut
653 2160 779 2227 factam
795 2186 934 2230 vomere
950 2166 1078 2231 fossam

193 2271 377 2344 Transeat,
397 2269 580 2335 audentem
596 2268 678 2334 talia
695 2269 783 2334 dede
800 2270 901 2336 neci.’
1155 2291 1207 2357 840

151 2376 254 2465 Quod
270 2378 405 2444 Remus
420 2377 586 2464 ignorans
603 2375 749 2442 humiles
765 2389 984 2445 contemnere
1001 2401 1116 2446 muros

193 2485 329 2571 Coepit,
347 2494 381 2549 et
397 2495 406 2524 ⁴
424 2482 489 2548 His
506 2482 654 2568 populus
668 2482 676 2510 ’
692 2482 807 2548 dicere
825 2494 937 2550 ‘tutus
954 2484 1057 2550 eriti'

149 2591 226 2659 Nec
242 2612 351 2668 mora,
369 2589 560 2656 transiluit:
586 2600 679 2656 rutro
697 2588 801 2655 Celer
816 2601 962 2677 occupat
978 2612 1100 2658 ausum
1115 2617 1124 2668 3

193 2699 255 2765 Ille
272 2699 396 2785 premit
412 2698 534 2763 duram
551 2696 840 2784 sanguinulentus
857 2698 1014 2762 humum.
1047 2771 1048 2774 Ἴ

150 2804 248 2872 Haec
264 2806 323 2871 ubi
341 2826 403 2870 rex
419 2803 549 2879 didicit,
567 2803 731 2869 lacrimas
747 2804 911 2870 introrsus
927 2805 1065 2870 obortas
1157 2825 1207 2893 845

193 2913 357 2990 Devorat‚
375 2923 409 2978 et
423 2913 582 2978 clausum
597 2922 735 2998 pectore
752 2912 874 2978 volnus
892 2913 1016 2988 habet3

148 3019 248 3086 Flere
265 3020 381 3107 palam
396 3041 466 3086 non
482 3019 564 3095 volt,
584 3019 814 3106 exemplaque
830 3019 930 3086 sortia
947 3028 1073 3096 servat,

194 3126 253 3192 Sic
268 3148 335 3214 que
350 3149 440 3191 meos
456 3147 574 3190 muros
590 3134 749 3191 trauseat
763 3126 870 3191 hostis
888 3126 946 3190 ait.

149 3231 218 3299 Dat
232 3245 348 3298 tamen
363 3233 568 3320 exsequias3
594 3254 659 3299 nec
671 3233 745 3320 jam
762 3232 973 3318 suspendere
988 3229 1108 3298 fletum

194 3339 358 3415 Sustinet,
376 3350 410 3403 et
426 3340 534 3425 pietas
551 3339 764 3405 dissimulata
780 3349 885 3425 patet.
1155 3359 1206 3426 850

150 3444 347 3534 Osculaque
363 3446 528 3531 adplicuit
542 3446 653 3531 posito
669 3467 831 3530 suprema
847 3445 984 3522 seretr0‚

192 3553 307 3640 Atque
323 3553 383 3628 ait,
400 3553 518 3618 Iuve'to
525 3555 653 3635 frater
666 3553 838 3640 adempte,
855 3552 957 3618 vale!

148 3656 366 3747 Arsurosque
382 3670 473 3724 artus
490 3658 598 3723 unxit.
648 3657 792 3733 Fecere,
811 3659 904 3744 quod
920 3659 992 3734 ille,

192 3763 376 3830 Faustulus
392 3776 427 3830 et
441 3776 590 3829 maestas
605 3763 704 3830 Acca
721 3765 831 3830 soluta
847 3785 984 3840 comas3

148 3868 241 3936 Tum
252 3870 417 3961 juvenem
434 3871 586 3937 nondum
603 3870 683 3934 iacti
698 3869 825 3934 flevere
842 3868 1014 3954 Quiritem
1153 3889 1168 3939 8
1172 3900 1203 3954 55

193 3974 324 4042 Ultima
339 3975 471 4060 plorato
489 3972 623 4038 subdita
638 3973 781 4036 flamma
797 3993 882 4056 rogo
899 3983 960 4036 est.
