2767 4467
193 290 238 358 30
388 292 428 339 11.
468 272 540 340 The
561 271 767 340 Adventare
790 274 838 360 os
850 272 1045 339 Phaethon.
1099 220 1245 361 [Mem

193 471 313 547 credit,
332 480 368 535 ut
383 469 507 557 injuste
523 470 619 535 missi
636 491 768 536 memor
784 470 875 558 ignis
891 470 935 535 ab
952 470 1032 536 illo:

193 589 316 663 stagna
333 577 416 662 petit
432 578 633 663 patulosque
650 577 760 653 lacus,
779 577 966 663 ignemque
983 598 1140 663 perosus,

192 703 281 769 quae
298 683 399 758 colat,
418 682 523 769 elegit
539 683 708 747 contraria
724 682 866 746 flumina
881 682 1043 747 flammis.
1193 702 1245 767 380
1274 675 1277 680 ¹
1361 718 1366 731 ·

237 788 426 875 Squalidus
443 788 572 853 interea
589 788 723 874 genitor
739 787 976 863 Phaethontis,
995 801 1028 853 et
1043 809 1170 876 expers

191 894 265 980 ipse
282 895 334 959 sui
351 895 496 970 decoris,
515 895 626 981 qualis
643 915 722 958 cum
739 894 854 959 deficit
869 895 987 959 orbem

191 1023 267 1066 esse
284 1001 382 1076 solet,
399 1001 579 1086 lucemque
595 1000 666 1065 odit
682 1020 788 1085 seque
803 1000 877 1084 ipse
894 1001 1068 1087 diemque,

192 1107 317 1193 datque
334 1107 486 1170 animum
502 1106 537 1169 in
554 1106 678 1182 luctus,
697 1117 730 1170 et
745 1106 892 1171 luctibus
909 1106 1012 1171 adicit
1027 1107 1128 1182 iram,

191 1212 409 1299 officiumque
425 1224 529 1299 negat
545 1213 687 1278 mundo.
738 1211 871 1278 ‘Satis'
888 1212 997 1299 inquit
1012 1225 1020 1253 ⁶
1033 1214 1076 1277 ab
1092 1212 1170 1279 aevi
1193 1231 1245 1299 385

192 1342 264 1385 sors
282 1340 358 1384 mea
375 1318 550 1405 principiis
568 1319 630 1383 suit
644 1318 848 1405 inrequieta,
868 1318 1032 1405 pigetque

192 1439 344 1491 actorum
361 1425 435 1489 sine
451 1425 520 1489 fine
537 1424 633 1501 mihi,
652 1425 726 1490 sine
744 1426 873 1491 honore
890 1417 1058 1491 laborum.

190 1532 332 1618 quilibet
348 1532 431 1596 alter
448 1542 530 1617 agat
546 1541 719 1617 portantes
736 1532 867 1595 lumina
883 1552 1025 1597 currusr

191 1639 219 1704 si
237 1659 338 1702 nemo
355 1648 418 1712 est,
436 1659 623 1723 omnesque
640 1637 696 1701 dei
713 1657 781 1701 non
799 1658 900 1721 posse
916 1637 1076 1713 fatentur,

190 1745 263 1829 ipse
280 1756 363 1830 agat
373 1766 382 1818 ς
408 1754 444 1807 ut
460 1744 594 1818 saltem,
612 1743 693 1808 dum
714 1755 846 1808 nostras
863 1754 1004 1830 temptat
1019 1745 1187 1821 habenas,

190 1852 348 1917 orbatura
365 1862 478 1935 patres
497 1850 680 1935 aliquando
698 1849 841 1914 fulmina
858 1861 975 1935 ponat.

189 1968 259 2022 tum
277 1957 373 2032 sciet,
391 1948 592 2044 ignipedum
610 1957 700 2022 vires
717 1966 877 2040 expertus
893 1977 1072 2043 equorum,

189 2086 257 2130 non
276 2065 439 2129 meruisse
457 2084 591 2139 necem,
609 2063 667 2149 qui
684 2084 754 2129 non
770 2064 858 2129 bene
875 2064 1000 2129 rexerit
1015 2061 1117 2129 illos!

233 2170 335 2236 Talia
353 2171 520 2236 dicentem
540 2170 760 2235 circumstent
775 2169 891 2235 omnia
909 2169 1027 2235 Solem

188 2274 344 2351 numina,
362 2296 449 2340 neve
465 2274 546 2339 velit
562 2275 722 2339 tenebras
738 2273 902 2339 inducere
919 2274 1034 2349 rebus,
1189 2305 1241 2362 395

188 2383 343 2469 supplice
359 2404 444 2448 voce
462 2391 606 2469 rogant;
632 2380 754 2446 missos
771 2402 906 2467 quoque
918 2380 1076 2467 Juppiter
1092 2379 1193 2470 ignes

187 2502 341 2567 excusat,
360 2491 587 2577 precibusque
604 2490 716 2553 minas
731 2488 893 2575 regaliter
908 2488 1013 2553 addit.

188 2598 318 2686 colligit
334 2609 486 2663 amentes
503 2609 536 2662 et
552 2597 667 2663 adhuc
682 2608 810 2661 terrore
827 2609 991 2681 paventes

187 2704 348 2772 Phoebus
365 2726 484 2791 equos,
504 2704 707 2791 stimuloque
724 2704 868 2769 domans
884 2714 918 2767 et
933 2703 1076 2769 verbere
1092 2704 1228 2771 caeditr

186 2812 295 2877 saevit
310 2812 415 2886 enim,
433 2821 618 2895 natumque
636 2809 783 2897 objectat
799 2821 832 2874 et
847 2809 990 2895 imputat
1006 2809 1086 2875 illis.
1184 2842 1241 2893 400
