2767 4467
141 256 308 328 v111.483.]
425 292 427 295 -
482 238 555 307 He
576 238 691 307 Fata!
707 238 851 307 Brund.
1145 238 1188 325 85

140 434 260 511 luctus,
270 443 304 501 et
320 456 342 501 a
358 434 515 503 lacrimis
532 434 567 502 iu
584 434 718 523 poenae
734 457 854 502 versus
869 456 1023 502 amorem
1041 444 1104 502 est.
1134 467 1189 524 450

148 564 160 573 ⁴·
172 540 287 627 Stipes
304 553 393 619 erat,
411 565 530 630 quem,
549 564 633 610 cumv
643 551 762 629 partus
778 543 881 609 enixa
894 542 1025 631 jaceret

138 644 304 723 Thestias,
321 648 358 713 in
375 648 555 714 flammam
572 648 725 735 triplices
740 669 886 733 posuere
903 668 1058 724 sorores3

138 753 347 841 staminaque
362 756 533 841 impresso
550 755 667 821 satalia
683 754 809 842 pollice
825 765 947 821 nentes

140 857 351 945 ‘Tempora'
368 862 532 945 dixerunt
549 874 561 915 ⁶,
572 862 693 927 eadem
711 861 875 948 lignoque
890 860 1032 949 tibique,

138 962 168 1029 0
183 966 281 1031 modo
297 978 395 1043 nate,
413 968 562 1033 damus!
609 966 691 1051 Quo
708 978 889 1054 postquam
906 967 1060 1034 carmine
1074 966 1167 1035 dicto

137 1090 311 1151 excessere
328 1074 433 1149 deae,
451 1072 655 1161 flagrantem
673 1085 783 1137 mater
799 1074 846 1139 ab
859 1073 943 1162 igne

137 1176 252 1261 eripuit
264 1178 413 1257 turrem,
431 1178 623 1266 sparsitque
639 1178 847 1265 liquentibus
862 1180 975 1247 undis.

135 1281 190 1347 ille
204 1283 262 1350 diu
278 1284 397 1351 iuerat
412 1283 644 1371 penetralibus
661 1285 797 1351 abditus
811 1285 905 1362 iulis,-

137 1400 361 1479 servatusque
376 1402 473 1467 tuos,
478 1390 628 1479 juvenis,
647 1403 846 1457 servaverat
858 1409 979 1460 annos.

136 1496 270 1580 protulit
285 1498 384 1563 hunc
399 1495 564 1585 genitrix,¹
580 1497 767 1584 taedasque
782 1509 816 1563 et
830 1499 1002 1587 fragmina
1018 1499 1100 1587 poni
1134 1516 1189 1582 460

135 1599 291 1687 imperat,
306 1613 350 1669 ¹¹et
362 1602 653 1689 positis-inimicos
669 1604 829 1670 admovet
843 1604 955 1693 ignes.
970 1634 1003 1671 s

177 1704 270 1771 Tum
279 1712 416 1773 *conata
427 1716 552 1794 quater
566 1705 720 1773 flammis
732 1706 909 1793 imponere
924 1730 1075 1783 ramum,

35 1834 41 1851 ·
137 1823 256 1897 coepta
271 1824 395 1901 quater
409 1812 531 1877 tenuit}
580 1812 743 1901 Pugnant
760 1825 935 1903 materque
951 1836 1127 1902 sororque,

136 1927 168 1983 et
182 1918 476 2001 diversatrabunt
491 1936 598 1985 unum
614 1920 683 1986 duo
699 1919 839 1986 nomina
854 1932 986 2008 pectus.
1066 1998 1070 2007 Ι

137 2044 240 2111 saepe
257 2036 357 2093 metu·
368 2024 510 2113 sceleris
525 2026 780 2111 pallebantora·
791 2026 915 2102 luturi3
1138 2043 1191 2115 465

137 2151 240 2217 saepe
258 2137 360 2197 suum
376 2132 513 2198 struens
529 2132 637 2199 oculis
647 2130 758 2199 'dabat
772 2133 824 2198 ira
839 2135 1012 2201 ruborem.

138 2246 170 2302 et
186 2238 289 2304 modo
305 2237 423 2303 nescio
436 2237 522 2330 quiri
537 2238 657 2304 similis
673 2239 814 2305 crudele
830 2239 986 2305 minanti·

137 2344 252 2411 vultus
266 2355 352 2419 erat,
368 2343 475 2413 ,modo
490 2365 593 2430 quem
610 2344 763 2411 misereri
772 2344 920 2412 credere
935 2366 1077 2433 possess

138 2469 287 2537 cumque
302 2449 571 2521 leruslacriruas
588 2450 691 2516 animi
712 2451 1034 2527 siccaverat-ardor,

138 2555 400 2645 inveniebaqtur
416 2557 579 2635 lacrimae
595 2569 724 2623 tamen.
773 2557 888 2644 thue
905 2558 1036 2633 carina,
1140 2589 1193 2643 470

35 2750 36 2753 Ἴ
138 2685 241 2752 quam
258 2675 393 2739 ventus,
411 2675 580 2751 ventoque
596 2662 890 2748 rapitcontrarius
904 2672 1033 2738 aestus,

138 2772 207 2837 vim
224 2770 403 2859 geminam
420 2769 533 2845 sentit,
545 2781 715 2856 ¹paretque
728 2767 860 2833 incerta
874 2768 1010 2834 duobus
1019 2803 1065 2817 -

138 2878 300 2946 Thestias
316 2877 410 2942 haud
427 2876 524 2942 aliter
540 2876 651 2942 dubiis
668 2874 847 2941 affectibus
863 2887 966 2952 errat,

140 2984 241 3073 inque
258 2986 353 3053 vices
369 2982 480 3070 ponit,
496 2982 710 3071 positamque
724 2968 905 3049 'resuscitat
919 2982 1019 3049 iram.

185 3091 310 3177 Incipit
318 3100 401 3157 esse
418 3100 533 3157 tamen
549 3089 673 3156 melior·
685 3109 853 3177 germana
869 3100 1023 3175 parente,
1040 3110 1044 3116 ’
1140 3121 1190 3180 475

141 3209 173 3263 et
188 3194 705 3283 consanguineas*utsanguine
722 3194 827 3260 leniat
843 3195 995 3270 umbras,

141 3304 313 3390 impietate
331 3302 476 3389 piaestr
501 3316 583 3367 nam·
598 3313 778 3388 postquam
796 3300 935 3387 pestifer
950 3300 1042 3388 ignis

140 3409 328 3484 convaluit,
348 3408 496 3495 ‘Rogus
510 3406 574 3473 iste
590 3418 720 3472 cremet
736 3413 813 3473 mea
825 3408 981 3473 ‘viscera’
996 3406 1102 3481 dixit;

140 3529 245 3604 utque
262 3536 369 3579 manu
385 3514 466 3579 dira·
477 3513 609 3599 lignum
626 3512 729 3577 fatale
742 3514 896 3589 tenebat,
937 3561 941 3570 .
965 3557 968 3564 ·

142 3634 220 3688 ante
238 3620 450 3706 sepulcrales
467 3617 586 3681 infelix
602 3616 728 3685 adstitit
744 3639 835 3694 aras,
909 3671 912 3676 ,
1044 3616 1047 3623 ’
1141 3638 1196 3701 480

144 3728 365 3795 ‘Poenarum
375 3726 466 3812 'que
485 3723 591 3789 ‘deae
607 3722 772 3807 triplices,
789 3722 993 3797 furialibus,'
1010 3721 1119 3810 inquit

145 3827 523 3911 ‘Eumenides-sacris
539 3829 653 3893 vultus
669 3826 834 3891 advertite
850 3835 992 3891 vestros.

144 3922 308 4013 ulciscor,
326 3935 484 4021 facioque
500 3932 620 4000 nefas:
645 3952 737 3997 mors
753 3940 862 3995 morte
877 3929 1006 4012 pianda
1021 3942 1085 3994 est.
