2767 4467
223 302 287 370 134
535 279 607 347 Tae
636 278 793 364 Talaos
811 277 973 344 Galatea.
1129 297 1269 368 [Mem.

222 480 323 555 adde,
341 477 434 565 quod
451 478 486 542 in
503 487 615 544 vestro
631 476 767 565 genitor
783 497 881 544 meus
898 495 1047 563 aequore
1064 488 1204 564 regnat:

221 587 314 652 hunc
328 585 389 650 tibi
406 586 451 650 do
467 603 650 651 socerum..
686 583 843 649 Tantum*
858 582 1033 657 miserer'e,
1052 603 1238 668 precesque

218 691 384 779 'supplicis
402 689 542 764 exaudi,
559 689 618 754 tibi
636 689 728 754 enim
744 687 1000 758 succumbimus
1015 687 1090 752 uni.

222 800 348 886 quique
359 799 483 885 Jovem
499 806 537 861 et
549 795 684 861 caelum
703 815 827 878 sperno
844 804 877 858 et
892 793 1103 878 penetrabile
1120 793 1257 870 fulmen,

221 905 342 982 Nerei,
360 916 393 971 te
408 924 549 970 vereor:
574 911 634 967 tua
651 900 794 967 fulmine
811 899 946 964 saevior
961 899 1012 963 ira
1029 910 1091 964 est.

269 1024 278 1053 ‘
296 1012 407 1100 Atque
423 1033 489 1100 ego
507 1018 723 1092 contemptus
740 1026 852 1074 essem
870 1005 1051 1090 patientior
1067 1006 1183 1095 hujus,
1236 1045 1237 1050 κ

222 1118 250 1184 si
268 1119 405 1208 sugeres
420 1139 553 1184 omnes.
602 1113 674 1180 Sed
690 1134 752 1178 cur
768 1111 925 1198 Cyclope
942 1113 1080 1198 repulso
1221 1133 1270 1188 860

222 1223 313 1291 Acin
329 1223 449 1290 amas?
472 1222 692 1310 praefersque
711 1218 796 1284 meis
814 1219 1031 1305 amplexibus
1048 1219 1162 1287 Acin?

222 1331 280 1396 ille
296 1342 411 1396 tamen
427 1332 629 1416 placeatque
646 1327 723 1404 sibi,
743 1327 948 1413 placeatque
964 1326 1091 1402 licebit,

221 1439 314 1524 quod
330 1436 469 1514 nollem,
487 1435 647 1512 Galatea,
664 1434 738 1500 tibi.
787 1432 896 1499 Modo
912 1433 1012 1520 copia
1029 1433 1149 1503 detur!

222 1544 343 1610 sentiet
358 1565 434 1608 esse
450 1543 533 1607 mihi
549 1553 642 1608 tanto
659 1563 722 1627 pro
739 1562 882 1627 corpore
898 1541 1009 1607 vires:

221 1652 354 1717 viscera
369 1651 448 1715 viva
463 1650 610 1726 traham,
628 1650 831 1736 divulsaque
848 1650 1003 1715 membra
1019 1670 1081 1736 per
1097 1671 1215 1739 agros,

223 1780 349 1845 perque
365 1769 441 1823 tuas
456 1778 618 1845 spargam
628 1795 673 1806 ·-
683 1757 733 1822 sic
747 1778 786 1822 se
803 1756 863 1821 tibi
881 1756 1023 1822 misceat
1034 1755 1042 1821 l
1052 1758 1231 1822 -undas

221 1886 302 1931 uror
317 1865 421 1940 enim,
439 1865 620 1951 laesusque
637 1873 816 1930 exaestuat
833 1863 946 1929 acrius
961 1863 1073 1951 ignis3

222 1992 368 2058 cumque
384 1972 454 2037 suis
470 1971 588 2036 videor
603 1973 803 2036 translatam
820 1971 950 2036 viribus
965 1970 1118 2037 Aetnam
1225 2021 1226 2028 ,

221 2091 358 2164 pectore
374 2079 462 2143 serre
478 2099 576 2143 meo:
601 2099 666 2144 nec
681 2090 731 2154 tu,
750 2077 909 2158 Galatea,
929 2079 1099 2145 moveris'

265 2185 366 2249 Talia
383 2185 590 2271 nequiquam
608 2195 803 2272 questus-
819 2206 901 2251 nam
919 2185 1270 2252 cunctavidebam-

221 2291 343 2379 surgit,
361 2303 393 2357 et
409 2303 445 2356 ut
460 2303 577 2356 taurus
592 2312 700 2357 vacca
715 2291 922 2357 furibundus
939 2293 1114 2378 adempta,

221 2410 310 2465 stare
326 2398 455 2484 nequit,
473 2398 626 2485 silvaque
643 2409 677 2462 et
692 2398 782 2464 notis
798 2399 941 2464 saltibus
959 2412 1048 2464 errat
1060 2421 1076 2462 r.

221 2527 299 2571 cum
316 2505 407 2570 ferus
422 2504 574 2592 ignaros,
592 2525 657 2569 nec
673 2504 860 2590 quicquam
876 2506 944 2570 tale
959 2507 1130 2581 timentes,

221 2634 276 2677 me
292 2611 385 2677 videt
401 2624 501 2698 atque
518 2610 629 2685 Acin;
657 2609 814 2677 ‘Video’
830 2633 897 2698 que
914 2613 1089 2678 exclamat
1105 2623 1114 2654 ‘
1129 2623 1165 2678 et
1178 2611 1242 2678 ista

220 2719 339 2786 ultima
356 2719 410 2795 sit,
428 2719 566 2794 faciam,
584 2718 719 2783 veneris
736 2719 921 2785 concordia
937 2720 1095 2787 vestrae!
1220 2737 1268 2804 875

220 2837 380 2912 tantaque
396 2847 478 2901 vox,
495 2836 659 2912 quantam
675 2824 830 2913 Cyclops
846 2827 952 2892 iratus
968 2827 1097 2892 habere

221 2932 348 3007 debuit,
367 2931 427 2995 illa
442 2931 516 2995 suit.
566 2930 729 2997 Clamore
746 2933 939 3018 perhorruit
953 2931 1080 3009 Aetne,

220 3048 273 3103 ast
288 3059 354 3125 ego
370 3037 482 3103 vicino
497 3038 677 3123 pavefacta
693 3041 757 3108 sub
775 3062 924 3128 aequore
941 3060 1092 3127 mergor.

264 3143 383 3232 Terga
399 3144 503 3232 fugae
520 3145 661 3211 dederat
676 3167 845 3213 conversa
861 3146 1084 3236 Symaethius
1101 3146 1216 3221 heroe,

219 3262 253 3316 et
270 3251 360 3316 ‘Fer
375 3273 490 3336 opem,
509 3250 669 3328 Galatea,
689 3276 823 3340 precor,
842 3253 947 3319 mihil
972 3254 1056 3319 ferte
1072 3250 1258 3338 parenteS,’

219 3359 365 3433 dixerat,
385 3369 440 3423 ‘et
455 3361 575 3426 vestris
593 3363 781 3448 periturum
798 3363 962 3429 admittite
978 3362 1095 3451 regnis
1108 3359 1136 3424 l'
1240 3435 1243 3442 ,

218 3463 406 3550 insequitur
422 3463 588 3553 Cyclops,
608 3479 809 3556 partemque
825 3492 844 3535 e
862 3481 976 3535 monte
991 3469 1166 3534 revulsam

218 3570 316 3634 mittit
326 3592 336 3645 ;
361 3580 395 3634 et
409 3582 583 3638 extremus
600 3576 757 3660 quamvis
773 3576 929 3662 pervenit
945 3577 988 3641 ad
1005 3576 1102 3640 illum
1149 3595 1150 3600 ¹

218 3678 366 3763 angulus
381 3677 410 3744 is
429 3681 565 3756 montis,
584 3692 690 3746 totum
708 3692 822 3746 tamen
839 3683 951 3756 obruit
967 3681 1071 3748 Acin.

260 3782 309 3847 At
324 3806 399 3861 nos,
418 3788 510 3872 quod
527 3787 639 3852 solum
655 3787 730 3851 fieri
746 3809 808 3872 per
823 3787 893 3853 sata
904 3786 1046 3864 licebat,
1220 3807 1267 3874 885

216 3888 372 3968 fecimus,
390 3902 429 3956 ut
443 3891 534 3956 vires
550 3904 739 3957 assumeret
754 3892 839 3958 Acis
856 3894 974 3958 avitas.

215 3997 383 4082 puniceus
400 3998 443 4062 de
460 3998 549 4062 mole
567 4018 666 4061 cruor
682 3999 858 4074 manabat,
876 4009 909 4064 et
924 3998 1013 4064 intra
