2767 4467
193 289 257 358 106
484 290 555 357 The
576 290 696 359 Death
720 293 768 377 os
786 288 958 379 orpheus.
1097 307 1236 379 [Merum

190 497 295 562 arcet,
312 498 347 553 et
361 485 397 552 in
413 487 563 572 lapidem
580 487 685 552 rictus
702 487 869 572 serpentis
886 495 1022 572 apertos

189 593 362 681 congelat,
379 603 414 658 et
429 593 576 682 patulos,
594 604 630 657 ut
645 603 756 668 erant,
774 592 910 656 indurat
928 591 1052 658 hiatus.
1205 611 1240 667 60

233 699 368 765 Umbra
383 698 474 766 subit
489 709 609 773 terras,
626 708 660 763 et
674 718 765 784 quae
781 698 857 762 loca
873 695 1005 764 viderat
1022 709 1114 776 ante,

188 817 312 870 cuncta
328 803 544 891 recognoscit
554 825 567 878 ς·
587 823 825 890 quaerensque
841 822 903 889 per
919 823 1001 869 arva
1019 805 1154 890 piorum

189 909 319 975 invenit
334 908 544 996 Eurydicen,
563 908 765 996 cupidisque
781 909 998 994 amplectitur
1013 911 1116 977 ulnis.

190 1016 246 1082 hic
263 1016 365 1081 modo
380 1014 572 1104 conjunctis
586 1015 776 1100 spatiantur
792 1015 952 1099 passibus
968 1019 1083 1094 ambo,

189 1143 282 1187 nunc
298 1123 560 1207 praecedentem
577 1120 741 1208 sequitur,
760 1141 853 1186 nunc
870 1123 1030 1206 praevius
1047 1125 1164 1202 anteit,
1206 1141 1239 1212 ⁶5

165 1288 171 1298 .
189 1227 456 1316 Eurydicenque
473 1248 571 1316 suam
583 1226 657 1314 jam
672 1236 744 1291 tuto
761 1227 901 1312 respicit
916 1227 1089 1314 Orpheus.

233 1332 316 1399 Non
332 1334 472 1421 impune
488 1344 604 1398 tamen
620 1333 732 1398 scelus
750 1332 816 1399 hoc
832 1334 911 1400 sinit
927 1356 1003 1402 esse
1019 1335 1183 1426 Lyaeus:

190 1442 385 1528 amissoque
400 1442 521 1530 dolens
536 1461 713 1506 sacrorum
729 1451 807 1506 vate
828 1431 982 1518 suoru'm,

189 1547 343 1634 protinus
358 1547 394 1612 in
410 1544 504 1612 silvis
521 1556 646 1610 matres
660 1544 839 1612 Edonidas
854 1567 986 1626 omnes,

189 1677 279 1744 quae
295 1642 410 1721 videre
427 1653 537 1730 nefas,
555 1665 642 1720 torta
657 1656 774 1721 radice
791 1657 924 1746 ligavit.
1209 1688 1241 1743 70

189 1763 319 1851 quippe
334 1762 460 1848 pedum
477 1760 621 1850 digitos,
634 1762 669 1826 in
685 1774 852 1849 quantum
869 1777 1026 1852 quaeque
1044 1774 1160 1830 secuta
1178 1776 1239 1841 est,

189 1871 305 1946 traxit,
323 1880 357 1935 et
372 1869 407 1933 in
423 1868 571 1934 solidam
587 1869 730 1936 detrusit
741 1869 903 1935 acumine
920 1880 1067 1946 terram;
1241 1857 1246 1874 ’

189 1988 295 2065 utque
311 1997 411 2042 suum
427 1976 573 2062 laqueis,
591 1997 678 2062 quos
695 1976 840 2042 callidus
857 1975 988 2042 abdidit
1004 1998 1146 2063 auceps,

191 2105 270 2150 crus
285 2082 344 2148 ubi
360 2081 531 2148 commisit
545 2082 708 2160 volucris,
727 2081 899 2170 ¹sensitque
916 2083 1038 2160 teneri,

191 2189 379 2279 plangitur,
398 2209 439 2255 ac
455 2188 631 2274 trepidans
648 2188 805 2278 astringit
820 2189 958 2255 vincula
976 2201 1090 2257 motu‘t
1208 2217 1239 2277 75

192 2296 254 2374 sic,
272 2308 309 2362 ut
325 2315 482 2384 quaeque
499 2296 574 2362 solo
590 2296 705 2362 delixa
722 2296 922 2362 cohaeserat
939 2296 1074 2374 harum,

191 2415 386 2471 exsternata
403 2389 523 2492 lugam
541 2402 665 2468 frustra
681 2403 869 2488 temptabat
880 2423 896 2478 3.
915 2414 949 2468 at
965 2403 1060 2469 illam

192 2513 284 2578 lenta
300 2521 392 2576 tenet
408 2509 521 2584 radix,
539 2510 835 2595 exsultantemque
853 2514 1000 2574 coercet.

192 2620 343 2706 dumque
354 2617 412 2683 ubi
427 2618 494 2683 sint
509 2615 620 2704 digiti,
635 2614 717 2681 dum
731 2635 793 2700 pes
806 2615 878 2690 ubi,
892 2615 1034 2703 quaerit,
1048 2625 1081 2682 et
1092 2637 1240 2705 ungues,

193 2726 315 2812 aspicit
330 2725 365 2790 in
381 2735 504 2790 teretes
521 2723 657 2812 lignum
672 2721 859 2788 succedere
876 2743 995 2797 suras;
1083 2773 1086 2778 .
1210 2742 1243 2796 80

194 2844 227 2900 et
242 2845 365 2899 conata
381 2833 493 2897 semur
510 2828 675 2895 maerenti
692 2827 859 2916 plangere
876 2829 1009 2905 dextra,

193 2942 316 3008 robora
332 2939 512 3028 percussit.
562 2937 688 3002 Pectus
704 2956 840 3023 quoque
856 2936 979 3002 robora
994 2937 1100 3011 fiunt3

193 3049 317 3116 robora
333 3058 412 3114 sunt
428 3045 582 3121 humeri;
608 3052 834 3131 porrectaque
850 3042 1013 3109 bracchia
1030 3065 1130 3110 veros
1208 3073 1212 3082 ⁴

193 3177 270 3224 esse
286 3164 385 3243 putes
400 3174 528 3231 ramos,
546 3162 581 3220 et
595 3173 666 3219 non
681 3149 804 3218 fallare
821 3149 987 3236 putando.
