2767 4467
2 3683 13 3752 l

1 3764 14 3877 s

181 284 226 370 56
450 266 522 347 The
556 270 773 365 Wandmta‘g
790 282 840 365 os
856 273 973 345 chres.
1087 298 1233 371 [Mum.

227 478 393 553 Dixerat3
418 487 453 543 at
469 475 587 542 Cereri
604 486 735 541 certum
752 484 804 540 est
819 475 967 540 educere
982 485 1122 541 natam:

181 608 250 651 non
268 585 314 649 ita
331 585 399 648 sata
417 583 545 658 sinunt,
563 581 727 668 quoniam
740 581 871 669 jejunia
886 581 987 667 virgo

183 693 343 767 solverat,
362 682 396 755 et
412 689 511 755 cultis
528 690 611 754 dum
628 688 777 773 simplex
794 698 885 752 errat
900 687 937 750 in
953 688 1087 764 hortis,·
1185 718 1236 776 335

183 799 385 887 poeniceum
402 816 507 861 curva
525 795 744 880 decerpserat
761 795 881 858 arbore
897 814 1053 878 pomum,
1158 844 1162 849 .

183 916 385 993 sumptaque
403 901 543 989 pallenti
562 912 692 985 septem
711 901 754 965 de
771 899 897 965 cortice
913 907 1024 985 grana

183 1023 354 1099 presserat
369 1018 427 1076 o're
444 1031 519 1075 suo.
569 1006 740 1093 Solusque
757 1028 801 1070 ex
816 1006 976 1071 omnibus
992 1006 1077 1071 illud

182 1118 401 1204 Ascalaphus
417 1118 511 1196 vidit,
527 1136 629 1203 quern
646 1112 820 1201 quondam
835 1105 960 1179 dicitur
975 1097 1134 1197 Orphne,

182 1225 270 1290 inter
285 1223 480 1290 Avernales
495 1222 612 1288 haud
603 1217 818 1309 ignotissima
833 1210 1021 1305 nymphas,
1184 1225 1271 1305 54⁰*
1317 1249 1322 1253 ⁴

183 1354 227 1397 ex
243 1330 441 1397 Acheronte
457 1351 520 1395 suo
536 1330 638 1395 silvis
648 1318 1024 1414 peperissdsub-atrisr
1249 1324 1252 1331 '

181 1438 278 1513 vidit,
297 1448 330 1502 et
344 1422 471 1503 indicio
486 1437 633 1503 reditum
649 1433 800 1500 crudelis
815 1426 954 1497 ademit.
970 1452 983 1461 ·’
1031 1475 1035 1482 »

181 1543 351 1632 ingemuit
364 1543 486 1631 regina
497 1542 621 1618 Erebi,
636 1531 1034 1625 ‘testemqneprofanam'

182 1650 262 1717 fecit
278 1671 389 1727 avem,
408 1636 632 1735 spaisumque'
650 1650 753 1734 caput
770 1636 1058 1731 Phlegethontide
1074 1645 1220 1733 lympha

181 1756 217 1821 in
234 1767 429 1821 rostrumet
445 1757 579 1841 plumas
596 1766 629 1821 et
644 1750 939 1843 grandia-lumina
953 1751 1065 1816 vertit.
1112 1770 1116 1775 ’
1183 1782 1235 1837 545

181 1860 239 1925 ille
257 1860 321 1926 sibi
337 1861 470 1925 ablatus
487 1852 588 1925 fulvis
599 1853 828 1925 amicitur-ab·
839 1854 944 1931 alis,:·
961 1899 964 1906 ,
983 1849 1005 1934 ἰ,

181 1966 285 2087 inque
302 1977 405 2051 caput
420 1968 564 2042 crescit,
572 1967 768 2054 longosque
781 1961 965 2029 reflectitur
979 1975 1132 2048 ungues,

180 2072 309 2158 vixque
327 2083 439 2138 movet
453 2064 552 2137 natas
569 2093 631 2159 per
647 2072 769 2137 inertia
785 2058 948 2137 bracchia
964 2090 1137 2154 pennas·

181 2179 351 2266 foedaque
367 2179 582 2255 lithomeris,
599 2165 733 2243 venturi
745 2177 869 2242 nuntia
885 2176 1023 2252 luctus,

181 2284 329 2373 ignavus
344 2286 450 2360 bubo,
470 2284 580 2351 dirum
589 2272 808 2351 mortalibus
803 2304 928 2350 omen.
1046 2321 1050 2331 ·
1109 2315 1112 2323 ’
1184 2315 1235 2373 550
1346 2314 1350 2323 ·

228 2391 297 2457 Hic
313 2402 428 2457 tamen
444 2392 569 2462 indicio
585 2380 734 2477 poenam
751 2393 938 2478 linguaque
953 2390 1063 2457 videri
1145 2394 1148 2398 ’

182 2499 427 2564 commeruisse
442 2508 563 2599 potest.
606 2497 737 2572 Vobis,
753 2496 979 2577 Acheloides,
997 2501 1089 2568 unde
1205 2536 1208 2540 ·

181 2602 299 2691 pluma
315 2606 494 2692 pedesque
505 2604 645 2680 avium·
650 2623 741 2670 cum
748 2604 892 2692 virginis
908 2628 969 2671 ora
983 2605 1138 2694 geratis?

182 2732 227 2775 an
237 2711 337 2797 quia,
354 2730 434 2776 cum
450 2700 581 2799 legeret
596 2723 722 2776 vernos
737 2710 943 2797 Proserpina
956 2708 1075 2788 flores,

181 2839 217 2881 ιιι
233 2817 396 2882 comitum
412 2837 568 2893 numeros
586 2820 707 2883 doctae
724 2817 879 2895 Srreues
896 2820 1041 2886 eratis?
1116 2832 1122 2838 '
1183 2850 1244 2906 555.

181 2944 286 3009 quam
303 2935 481 3008 postquam
497 2934 567 2989 toto
581 2920 705 3017 frustra
721 2927 902 3028 quaesistis
918 2928 953 2991 in
969 2928 1065 3001 orbe,

182 3029 335 3116 protinus
352 3040 396 3093 ut
404 3041 550 3093 vestram
568 3030 746 3095 sentirent
741 3040 901 3119 aequora
915 3054 1049 3105 curam,

120 3202 123 3207 .
182 3158 282 3223 posse
299 3157 402 3221 super
416 3134 539 3201 fluctus
556 3136 713 3201 alarum
701 3140 865 3203 insistere
874 3139 979 3203 remis

182 3242 334 3331 optastis
353 3242 539 3329 facilesque
556 3246 639 3311 deos
656 3248 831 3322 habuistis,
850 3260 884 3343 et
898 3258 991 3353 artus

181 3348 312 3415 vidistis
327 3360 458 3414 vestros
474 3351 593 3424 subitis
609 3353 803 3421 flavescere
812 3354 955 3440 pennis.
1183 3368 1235 3440 5⁶0

182 3476 227 3520 ne
242 3445 357 3520 tamen
373 3458 430 3523 ille
448 3482 554 3527 canor
572 3458 772 3528 mulcendas
789 3474 888 3526 natus
905 3462 949 3526 ad
966 3482 1067 3525 aures

182 3574 343 3650 tantaque
360 3566 421 3631 dos
438 3570 506 3635 oris
523 3570 664 3655 linguae
681 3569 891 3653 deperderet
898 3588 1013 3641 usum,

183 3670 328 3759 virginei
344 3676 458 3740 vultus
476 3687 508 3740 et
523 3698 591 3739 vox
609 3677 760 3740 humana
776 3658 952 3739 remansit.
1008 3762 1012 3767 Δ

227 3776 275 3842 At
292 3783 423 3846 medius
441 3783 620 3867 fratrisque
636 3782 687 3845 sui
707 3793 924 3867 maestaeque
940 3778 1067 3845 sororis
1135 3840 1139 3842 e

178 3886 336 3973 Juppiter
353 3910 396 3953 ex
413 3888 523 3973 aequo
540 3888 732 3951 volventem
749 3887 869 3949 divid-it
885 3908 1026 3951 anuum.
1184 3898 1234 3975 563

183 4016 275 4059 nunc
292 3994 370 4070 dea,
388 4014 574 4079 regnorum
591 4014 720 4055 numen
737 4013 920 4056 commune
936 3994 1097 4067 duorum,
