2767 4467
189 285 234 357 70
420 269 492 339 The
513 260 787 337 Enclaeaatnients
809 274 857 357 os
869 270 1010 336 Medea.
1093 289 1244 361 [Mem.

188 466 315 535 obstitit
339 468 474 554 incepto
503 468 633 554 pudor'3
661 479 697 534 at
712 469 894 555 complexa
910 467 1047 545 fuisses,

189 576 249 640 sed
267 586 312 650 te,
330 597 374 640 ne
391 577 533 650 faceres,
553 575 866 640 tenuit'reverentia
884 574 1010 639 famae.
1038 578 1079 639 Τ
1131 567 1153 601 “

188 680 279 769 quod
296 681 386 756 licet,
405 682 540 747 adfectu
556 682 657 747 tacito
674 682 823 757 laetaris,
843 681 988 768 agisque
1175 665 1182 674 ¹

188 789 397 854 carminibus
413 800 529 877 grates
545 799 578 853 et
595 789 647 854 dis
665 787 859 853 auctoribus
876 771 1057 855 horumdt·
1145 773 1147 777 ’

163 952 167 955 .
233 894 440 983 Pervigilem
458 908 613 981 superest
629 895 745 960 herbis
762 895 875 979 sopire
891 894 1089 971 draconem,

187 1002 245 1089 qui
262 1001 363 1067 crista
380 1002 576 1088 linguisque
593 1002 700 1066 tribus
720 999 914 1087 praesignis
930 1013 964 1067 et
978 1004 1078 1067 uncis
1133 1031 1135 1036 ·

188 1108 346 1173 dentibus
364 1108 553 1173 horrendus
569 1119 684 1173 custos
702 1118 775 1173 erat
791 1104 905 1172 arietis
922 1110 1029 1175 aurei.
1131 1150 1134 1155 -

187 1215 280 1279 hunc
296 1225 476 1301 postquam
494 1213 617 1299 sparsit
635 1212 782 1278 Lethaei
799 1214 956 1300 gramine
972 1213 1058 1290 suci,

186 1322 358 1407 verbaque
375 1333 426 1385 ter
442 1320 527 1386 dixit
542 1320 699 1406 placidos
716 1320 875 1385 facientia
892 1342 1042 1396 somnos,
1087 1386 1089 1391 .

186 1448 275 1515 quae
292 1447 387 1491 mare
403 1427 587 1501 turbatum,
605 1447 695 1513 quae
711 1426 1003 1492 concita'flumina
1020 1428 1161 1493 sistunt:

186 1555 326 1599 somnus
343 1532 378 1599 in
395 1532 531 1621 ignotos
547 1534 666 1598 oculos
683 1534 746 1598 sibi
763 1535 868 1609 venit,
887 1544 921 1599 et
937 1555 1021 1600 auro
1188 1565 1234 1622 15⁵

185 1642 287 1706 heros
303 1639 476 1706 Aesonius
492 1638 638 1724 potitur3
664 1640 843 1728 spolioque
860 1642 1042 1727 superbus,

186 1748 335 1813 muneris
353 1757 525 1811 auctorem
544 1768 675 1823 secum,
694 1748 802 1834 spolia
820 1749 940 1823 altera,
959 1763 1112 1834 portans,

184 1854 291 1919 victor
308 1854 475 1919 Iolciacos
491 1854 602 1942 tetigit
618 1875 697 1919 curn
714 1854 862 1942 conjuge
878 1866 1007 1939 portus.
1040 1890 1062 1914 '.

231 1960 447 2025 Haemoniae
464 1973 589 2026 matres
605 1982 667 2046 pro
684 1960 798 2048 gnatis
814 1961 904 2026 dona
921 1962 1067 2047 receptis

183 2066 441 2155 grandaevique
458 2067 571 2131 ferunt
587 2078 715 2151 patres,
733 2081 967 2153 congestaque
983 2067 1125 2133 flamma
1184 2085 1254 2161 160'
1295 2104 1303 2118 ·

181 2188 258 2250 tura
275 2172 510 2261 liquefaciunt,
529 2171 737 2261 inductaque
753 2173 913 2239 cornibus
930 2194 1052 2238 aurum

181 2282 319 2348 victima
338 2293 414 2347 vota
433 2280 535 2346 cadit.
584 2280 655 2346 Sed
673 2282 769 2346 abest
785 2280 1000 2367 gratantibus
1014 2262 1154 2358 Aeson,¹

105 2463 109 2469 ¹
178 2387 250 2476 jam
268 2389 406 2475 propior
421 2388 698 2474 leto,·fessusque
715 2387 878 2452 senilibus
895 2387 1007 2451 annis.

181 2514 259 2559 cum
277 2495 327 2561 sic
343 2493 558 2560 Aesonides:
585 2492 642 2558 ‘O
658 2493 714 2557 cui
730 2493 856 2557 debere
873 2493 1018 2557 salutem

180 2602 357 2679 confiteor,
375 2600 539 2690 conjunx,
557 2620 764 2686 quamquam
783 2597 866 2663 mibi
883 2610 1006 2663 cuncta
1021 2597 1156 2675 dedisti,
1181 2616 1230 2685 1⁶5

180 2710 393 2796 excessitque
410 2711 513 2775 tidem
533 2706 728 2772 meritorum
745 2726 880 2771 summa
897 2717 1053 2771 tuorum:

180 2815 207 2878 si
224 2826 339 2879 tamen
351 2817 416 2881 hoc
432 2828 573 2901 possunt
589 2814 689 2901 (quid
702 2812 793 2877 enim
808 2834 876 2877 non
890 2813 1041 2877 carmina
1055 2811 1227 2897 possint?)

180 2921 279 2985 deme
299 2921 383 2985 meis
401 2922 513 2995 annis,
532 2933 564 2985 et
581 2921 737 3003 demptos
754 2918 844 2983 adde
862 2919 992 3003 parenti
1006 2919 1035 2981 :’

178 3048 244 3091 nec
260 3026 366 3091 tenuit
382 3026 554 3091 lacrimas.
604 3025 703 3090 Mota
719 3035 770 3089 est
786 3024 912 3110 pietate
928 3025 1093 3113 rogantis,

176 3132 447 3220 dissimilemque
464 3133 615 3197 animum
632 3132 734 3198 subiit
751 3130 863 3196 Aeeta
878 3131 1028 3196 relictus.
1179 3162 1229 3215 170

223 3237 300 3305 Nec
316 3250 430 3304 tamen
447 3238 590 3305 affectus
605 3240 691 3304 tales
708 3238 880 3313 consessa,
898 3249 908 3277 ⁴
923 3236 1049 3324 Qod'
1064 3238 1173 3325 inquit

179 3345 330 3411 ‘excidit
344 3367 403 3411 ore
420 3345 488 3431 pio,
507 3345 672 3432 conjunx,
690 3344 826 3415 scelus?
850 3366 935 3432 ergo
952 3366 1019 3430 ego
1035 3345 1195 3431 cuiquam
1286 3364 1293 3371 ·

178 3463 373 3535 posse-tuae
389 3452 506 3518 videor
522 3444 668 3537 spatium
685 3452 914 3517 transcribere
929 3449 1043 3515 vitae?

71 3577 78 3589 ·
129 3586 132 3595 ·
177 3578 243 3621 nec
259 3558 347 3622 sinat
363 3559 429 3623 hoc
446 3558 592 3633 Hecate,
609 3578 674 3622 nec
690 3568 725 3622 tu
742 3558 828 3643 petis
845 3578 964 3644 aequa.
1015 3555 1087 3649 Sed
1103 3556 1180 3632 isto,

177 3665 269 3749 quod
286 3664 385 3750 petis,
404 3664 562 3750 experiar
579 3664 688 3752 majus
706 3666 789 3730 dare
805 3687 943 3740 munus,
963 3662 1078 3729 Iason.
1100 3704 1107 3717 ·
1178 3691 1225 3746 175

178 3780 249 3832 arte
267 3790 343 3833 mea
360 3770 468 3834 soceri
485 3769 627 3855 longum
645 3768 887 3854 temptabimus
907 3789 1046 3845 aevum,

176 3894 246 3938 non
263 3874 361 3938 annis
378 3895 538 3939 revocare
554 3874 638 3938 tuis:
664 3872 767 3938 modo
781 3873 861 3938 diva
877 3874 1039 3939 triformis

177 3979 328 4067 adjuvet,
347 3990 380 4045 et
394 3999 559 4065 praesens
575 3978 760 4042 intestibus
775 3979 905 4043 adnuat
920 3978 1013 4043 ausis
1029 3978 1038 4006 ’
1068 4054 1073 4061 .
