<?xml version="1.0" encoding="UTF-8"?>
<!DOCTYPE html PUBLIC "-//W3C//DTD XHTML 1.0 Transitional//EN"
    "http://www.w3.org/TR/xhtml1/DTD/xhtml1-transitional.dtd">
<html xmlns="http://www.w3.org/1999/xhtml" xml:lang="en" lang="en">
 <head>
  <title>
</title>
<meta http-equiv="Content-Type" content="text/html;charset=utf-8" />
  <meta name='ocr-system' content='tesseract 3.04.00' />
  <meta name='ocr-capabilities' content='ocr_page ocr_carea ocr_par ocr_line ocrx_word'/>
</head>
<body>
  <div class='ocr_page' id='page_1' title='image "./poemataquaedame01ovidgoog_0022.png"; bbox 0 0 2767 4467; ppageno 0'>
   <div class='ocr_carea' id='block_1_1' title="bbox 162 246 1216 351">
    <p class='ocr_par' dir='ltr' id='par_1_1' title="bbox 162 246 1216 351">
     <span class='ocr_line' id='line_1_1' title="bbox 162 246 1216 351; baseline 0.007 -23"><span class='ocrx_word' id='word_1_1' title='bbox 162 264 184 328; x_wconf 93' lang='lat'>8</span> <span class='ocrx_word' id='word_1_2' title='bbox 337 279 360 325; x_wconf 89' lang='lat'>1.</span> <span class='ocrx_word' id='word_1_3' title='bbox 398 259 470 326; x_wconf 72' lang='lat' dir='ltr'>Tae</span> <span class='ocrx_word' id='word_1_4' title='bbox 498 246 663 329; x_wconf 63' lang='lat' dir='ltr'>Creonta</span> <span class='ocrx_word' id='word_1_5' title='bbox 687 260 761 327; x_wconf 82' lang='lat' dir='ltr'>and</span> <span class='ocrx_word' id='word_1_6' title='bbox 780 259 837 325; x_wconf 77' lang='lat' dir='ltr'>tha</span> <span class='ocrx_word' id='word_1_7' title='bbox 858 255 985 326; x_wconf 85' lang='lat' dir='ltr'>Flood.</span> <span class='ocrx_word' id='word_1_8' title='bbox 1074 277 1216 351; x_wconf 72' lang='lat' dir='ltr'>[Munus</span> 
     </span>
    </p>
   </div>
   <div class='ocr_carea' id='block_1_2' title="bbox 162 456 1223 4056">
    <p class='ocr_par' dir='ltr' id='par_1_2' title="bbox 163 456 1219 651">
     <span class='ocr_line' id='line_1_2' title="bbox 163 456 1219 543; baseline 0.003 -22"><span class='ocrx_word' id='word_1_9' title='bbox 163 457 236 525; x_wconf 83' lang='lat' dir='ltr'>sive</span> <span class='ocrx_word' id='word_1_10' title='bbox 254 476 374 522; x_wconf 87' lang='lat' dir='ltr'>recens</span> <span class='ocrx_word' id='word_1_11' title='bbox 390 456 499 535; x_wconf 86' lang='lat' dir='ltr'>tellus,</span> <span class='ocrx_word' id='word_1_12' title='bbox 507 457 716 543; x_wconf 87' lang='lat' dir='ltr'>seductaque</span> <span class='ocrx_word' id='word_1_13' title='bbox 732 476 843 543; x_wconf 83' lang='lat' dir='ltr'><strong>nuper</strong></span> <span class='ocrx_word' id='word_1_14' title='bbox 858 456 902 522; x_wconf 88' lang='lat' dir='ltr'>ab</span> <span class='ocrx_word' id='word_1_15' title='bbox 918 457 988 523; x_wconf 88' lang='lat' dir='ltr'>alto</span> <span class='ocrx_word' id='word_1_16' title='bbox 1182 476 1219 529; x_wconf 80' lang='lat' dir='ltr'>so</span> 
     </span>
     <span class='ocr_line' id='line_1_3' title="bbox 164 562 908 651; baseline -0.004 -21"><span class='ocrx_word' id='word_1_17' title='bbox 164 562 459 651; x_wconf 86' lang='lat' dir='ltr'>aethere,cognati</span> <span class='ocrx_word' id='word_1_18' title='bbox 477 562 642 629; x_wconf 86' lang='lat' dir='ltr'>retinebat</span> <span class='ocrx_word' id='word_1_19' title='bbox 658 563 791 629; x_wconf 89' lang='lat' dir='ltr'>semina</span> <span class='ocrx_word' id='word_1_20' title='bbox 807 563 908 627; x_wconf 85' lang='lat' dir='ltr'>caeli.</span> 
     </span>
    </p>

    <p class='ocr_par' dir='ltr' id='par_1_3' title="bbox 163 667 1036 758">
     <span class='ocr_line' id='line_1_4' title="bbox 163 667 1036 758; baseline 0 -23"><span class='ocrx_word' id='word_1_21' title='bbox 163 692 268 758; x_wconf 86' lang='lat' dir='ltr'>quam</span> <span class='ocrx_word' id='word_1_22' title='bbox 285 682 379 735; x_wconf 89' lang='lat' dir='ltr'>satus</span> <span class='ocrx_word' id='word_1_23' title='bbox 398 668 529 754; x_wconf 83' lang='lat' dir='ltr'>Iapeto,</span> <span class='ocrx_word' id='word_1_24' title='bbox 549 668 691 733; x_wconf 86' lang='lat' dir='ltr'><strong>mixtam</strong></span> <span class='ocrx_word' id='word_1_25' title='bbox 708 667 1036 746; x_wconf 81' lang='lat' dir='ltr'>fluvialibusundis,</span> 
     </span>
    </p>

    <p class='ocr_par' dir='ltr' id='par_1_4' title="bbox 163 759 1071 970">
     <span class='ocr_line' id='line_1_5' title="bbox 163 759 1050 864; baseline 0 -22"><span class='ocrx_word' id='word_1_26' title='bbox 163 778 262 843; x_wconf 86' lang='lat' dir='ltr'>finxit</span> <span class='ocrx_word' id='word_1_27' title='bbox 278 776 312 841; x_wconf 93' lang='lat' dir='ltr'>in</span> <span class='ocrx_word' id='word_1_28' title='bbox 331 776 482 864; x_wconf 87' lang='lat' dir='ltr'>effigiem</span> <span class='ocrx_word' id='word_1_29' title='bbox 500 774 737 844; x_wconf 79' lang='lat' dir='ltr'>moderantum</span> <span class='ocrx_word' id='word_1_30' title='bbox 750 786 878 847; x_wconf 84' lang='lat' dir='ltr'>cuncta</span> <span class='ocrx_word' id='word_1_31' title='bbox 891 759 1050 844; x_wconf 87' lang='lat' dir='ltr'>deorum.</span> 
     </span>
     <span class='ocr_line' id='line_1_6' title="bbox 165 880 1071 970; baseline -0.001 -22"><span class='ocrx_word' id='word_1_32' title='bbox 165 904 341 970; x_wconf 89' lang='lat' dir='ltr'>pronaque</span> <span class='ocrx_word' id='word_1_33' title='bbox 358 904 436 948; x_wconf 91' lang='lat' dir='ltr'>cum</span> <span class='ocrx_word' id='word_1_34' title='bbox 454 890 607 967; x_wconf 88' lang='lat' dir='ltr'><strong>spectent</strong></span> <span class='ocrx_word' id='word_1_35' title='bbox 623 880 788 957; x_wconf 84' lang='lat' dir='ltr'>animalia</span> <span class='ocrx_word' id='word_1_36' title='bbox 803 891 916 951; x_wconf 85' lang='lat' dir='ltr'>cetera</span> <span class='ocrx_word' id='word_1_37' title='bbox 932 893 1071 959; x_wconf 77' lang='lat' dir='ltr'>terrain,</span> 
     </span>
    </p>

    <p class='ocr_par' dir='ltr' id='par_1_5' title="bbox 162 987 1219 1186">
     <span class='ocr_line' id='line_1_7' title="bbox 165 987 1219 1073; baseline 0 -17"><span class='ocrx_word' id='word_1_38' title='bbox 165 1013 204 1056; x_wconf 91' lang='lat' dir='ltr'>os</span> <span class='ocrx_word' id='word_1_39' title='bbox 220 989 513 1065; x_wconf 86' lang='lat' dir='ltr'>hominisublime</span> <span class='ocrx_word' id='word_1_40' title='bbox 528 987 858 1073; x_wconf 74' lang='lat' dir='ltr'>¹dedit„caelumque</span> <span class='ocrx_word' id='word_1_41' title='bbox 873 987 961 1055; x_wconf 86' lang='lat' dir='ltr'>tueri</span> <span class='ocrx_word' id='word_1_42' title='bbox 1184 1007 1219 1068; x_wconf 75' lang='grc' dir='ltr'>ες</span> 
     </span>
     <span class='ocr_line' id='line_1_8' title="bbox 162 1093 1014 1186; baseline 0.002 -25"><span class='ocrx_word' id='word_1_43' title='bbox 162 1097 274 1186; x_wconf 88' lang='lat' dir='ltr'>jussit,</span> <span class='ocrx_word' id='word_1_44' title='bbox 292 1108 325 1161; x_wconf 91' lang='lat' dir='ltr'>et</span> <span class='ocrx_word' id='word_1_45' title='bbox 341 1095 533 1165; x_wconf 86' lang='lat' dir='ltr'>erectosad</span> <span class='ocrx_word' id='word_1_46' title='bbox 551 1094 664 1173; x_wconf 81' lang='lat' dir='ltr'>sidera</span> <span class='ocrx_word' id='word_1_47' title='bbox 680 1093 800 1160; x_wconf 86' lang='lat' dir='ltr'>tollere</span> <span class='ocrx_word' id='word_1_48' title='bbox 815 1093 943 1164; x_wconf 84' lang='lat' dir='ltr'>vultus.</span> <span class='ocrx_word' id='word_1_49' title='bbox 1010 1157 1014 1163; x_wconf 88' lang='grc'><strong>.</strong></span> 
     </span>
    </p>

    <p class='ocr_par' dir='ltr' id='par_1_6' title="bbox 166 1198 1136 1398">
     <span class='ocr_line' id='line_1_9' title="bbox 166 1198 1136 1289; baseline 0 -20"><span class='ocrx_word' id='word_1_50' title='bbox 166 1204 228 1278; x_wconf 88' lang='lat' dir='ltr'>sic,</span> <span class='ocrx_word' id='word_1_51' title='bbox 248 1204 348 1269; x_wconf 90' lang='lat' dir='ltr'>modo</span> <span class='ocrx_word' id='word_1_52' title='bbox 363 1224 453 1289; x_wconf 89' lang='lat' dir='ltr'>quae</span> <span class='ocrx_word' id='word_1_53' title='bbox 470 1202 580 1269; x_wconf 86' lang='lat' dir='ltr'>suerat</span> <span class='ocrx_word' id='word_1_54' title='bbox 597 1201 692 1269; x_wconf 88' lang='lat' dir='ltr'>rudis</span> <span class='ocrx_word' id='word_1_55' title='bbox 708 1210 743 1265; x_wconf 93' lang='lat' dir='ltr'>et</span> <span class='ocrx_word' id='word_1_56' title='bbox 757 1198 1015 1288; x_wconf 85' lang='lat' dir='ltr'>sineimagine,</span> <span class='ocrx_word' id='word_1_57' title='bbox 1034 1202 1136 1279; x_wconf 86' lang='lat' dir='ltr'>tellus</span> 
     </span>
     <span class='ocr_line' id='line_1_10' title="bbox 166 1306 969 1398; baseline -0.005 -23"><span class='ocrx_word' id='word_1_58' title='bbox 166 1310 276 1375; x_wconf 91' lang='lat' dir='ltr'>induit</span> <span class='ocrx_word' id='word_1_59' title='bbox 292 1309 428 1398; x_wconf 86' lang='lat' dir='ltr'>ignotas</span> <span class='ocrx_word' id='word_1_60' title='bbox 445 1309 623 1377; x_wconf 91' lang='lat' dir='ltr'>hominum</span> <span class='ocrx_word' id='word_1_61' title='bbox 641 1327 808 1381; x_wconf 84' lang='lat' dir='ltr'>conversa</span> <span class='ocrx_word' id='word_1_62' title='bbox 826 1306 969 1392; x_wconf 81' lang='lat' dir='ltr'>figuras.</span> 
     </span>
    </p>

    <p class='ocr_par' dir='ltr' id='par_1_7' title="bbox 163 1413 1223 3949">
     <span class='ocr_line' id='line_1_11' title="bbox 211 1413 1142 1501; baseline -0.001 -20"><span class='ocrx_word' id='word_1_63' title='bbox 211 1415 348 1481; x_wconf 77' lang='lat' dir='ltr'>Annua</span> <span class='ocrx_word' id='word_1_64' title='bbox 364 1416 474 1501; x_wconf 85' lang='lat' dir='ltr'>prima</span> <span class='ocrx_word' id='word_1_65' title='bbox 491 1427 563 1483; x_wconf 88' lang='lat' dir='ltr'>sata</span> <span class='ocrx_word' id='word_1_66' title='bbox 580 1426 632 1484; x_wconf 86' lang='lat' dir='ltr'>est</span> <span class='ocrx_word' id='word_1_67' title='bbox 648 1425 757 1490; x_wconf 88' lang='lat' dir='ltr'>aetas,</span> <span class='ocrx_word' id='word_1_68' title='bbox 774 1434 865 1500; x_wconf 89' lang='lat' dir='ltr'>quae</span> <span class='ocrx_word' id='word_1_69' title='bbox 882 1413 1018 1481; x_wconf 85' lang='lat' dir='ltr'>vindice</span> <span class='ocrx_word' id='word_1_70' title='bbox 1033 1414 1142 1492; x_wconf 87' lang='lat' dir='ltr'>nullo,</span> 
     </span>
     <span class='ocr_line' id='line_1_12' title="bbox 167 1520 1220 1608; baseline 0.002 -21"><span class='ocrx_word' id='word_1_71' title='bbox 167 1533 287 1608; x_wconf 89' lang='lat' dir='ltr'>sponte</span> <span class='ocrx_word' id='word_1_72' title='bbox 304 1542 379 1598; x_wconf 90' lang='lat' dir='ltr'>sua,</span> <span class='ocrx_word' id='word_1_73' title='bbox 397 1521 471 1589; x_wconf 87' lang='lat' dir='ltr'>sine</span> <span class='ocrx_word' id='word_1_74' title='bbox 487 1523 570 1608; x_wconf 87' lang='lat' dir='ltr'>lege</span> <span class='ocrx_word' id='word_1_75' title='bbox 583 1521 685 1587; x_wconf 87' lang='lat' dir='ltr'>fidem</span> <span class='ocrx_word' id='word_1_76' title='bbox 704 1531 903 1606; x_wconf 87' lang='lat' dir='ltr'>rectumque</span> <span class='ocrx_word' id='word_1_77' title='bbox 918 1520 1065 1589; x_wconf 81' lang='lat' dir='ltr'>colebat·</span> <span class='ocrx_word' id='word_1_78' title='bbox 1114 1581 1116 1586; x_wconf 95' lang='lat'><em>.</em></span> <span class='ocrx_word' id='word_1_79' title='bbox 1183 1553 1220 1608; x_wconf 89' lang='lat'>90</span> 
     </span>
     <span class='ocr_line' id='line_1_13' title="bbox 167 1626 1099 1715; baseline -0.001 -22"><span class='ocrx_word' id='word_1_80' title='bbox 167 1650 278 1713; x_wconf 88' lang='lat' dir='ltr'>poena</span> <span class='ocrx_word' id='word_1_81' title='bbox 296 1640 472 1715; x_wconf 83' lang='lat' dir='ltr'>metusque</span> <span class='ocrx_word' id='word_1_82' title='bbox 488 1628 643 1702; x_wconf 87' lang='lat' dir='ltr'>aberant,</span> <span class='ocrx_word' id='word_1_83' title='bbox 661 1648 726 1694; x_wconf 90' lang='lat' dir='ltr'>nec</span> <span class='ocrx_word' id='word_1_84' title='bbox 742 1626 847 1699; x_wconf 85' lang='lat' dir='ltr'>verba</span> <span class='ocrx_word' id='word_1_85' title='bbox 864 1626 1011 1693; x_wconf 91' lang='lat' dir='ltr'>minacia</span> <span class='ocrx_word' id='word_1_86' title='bbox 1028 1627 1099 1692; x_wconf 87' lang='lat' dir='ltr'>lixo</span> 
     </span>
     <span class='ocr_line' id='line_1_14' title="bbox 168 1732 999 1821; baseline 0 -22"><span class='ocrx_word' id='word_1_87' title='bbox 168 1756 247 1799; x_wconf 89' lang='lat' dir='ltr'>aere</span> <span class='ocrx_word' id='word_1_88' title='bbox 263 1735 480 1821; x_wconf 89' lang='lat' dir='ltr'>legebantur,</span> <span class='ocrx_word' id='word_1_89' title='bbox 496 1752 563 1811; x_wconf 83' lang='lat' dir='ltr'>nec</span> <span class='ocrx_word' id='word_1_90' title='bbox 580 1735 726 1820; x_wconf 85' lang='lat' dir='ltr'>supplex</span> <span class='ocrx_word' id='word_1_91' title='bbox 743 1735 842 1800; x_wconf 86' lang='lat' dir='ltr'>turba</span> <span class='ocrx_word' id='word_1_92' title='bbox 857 1732 999 1801; x_wconf 82' lang='lat' dir='ltr'>timebat</span> 
     </span>
     <span class='ocr_line' id='line_1_15' title="bbox 163 1839 947 1930; baseline 0 -26"><span class='ocrx_word' id='word_1_93' title='bbox 163 1840 288 1930; x_wconf 88' lang='lat' dir='ltr'>judicis</span> <span class='ocrx_word' id='word_1_94' title='bbox 304 1862 364 1906; x_wconf 90' lang='lat' dir='ltr'>ora</span> <span class='ocrx_word' id='word_1_95' title='bbox 381 1840 446 1917; x_wconf 91' lang='lat' dir='ltr'>sui,</span> <span class='ocrx_word' id='word_1_96' title='bbox 465 1842 526 1908; x_wconf 88' lang='lat' dir='ltr'>sed</span> <span class='ocrx_word' id='word_1_97' title='bbox 542 1852 640 1907; x_wconf 88' lang='lat' dir='ltr'>erant</span> <span class='ocrx_word' id='word_1_98' title='bbox 654 1840 728 1915; x_wconf 85' lang='lat' dir='ltr'>sine</span> <span class='ocrx_word' id='word_1_99' title='bbox 740 1840 858 1929; x_wconf 88' lang='lat' dir='ltr'>judice</span> <span class='ocrx_word' id='word_1_100' title='bbox 874 1839 947 1905; x_wconf 87' lang='lat' dir='ltr'>tuti.</span> 
     </span>
     <span class='ocr_line' id='line_1_16' title="bbox 167 1946 1119 2034; baseline 0 -21"><span class='ocrx_word' id='word_1_101' title='bbox 167 1948 320 2013; x_wconf 89' lang='lat' dir='ltr'>nondum</span> <span class='ocrx_word' id='word_1_102' title='bbox 338 1968 437 2013; x_wconf 90' lang='lat' dir='ltr'>caesa</span> <span class='ocrx_word' id='word_1_103' title='bbox 454 1947 539 2023; x_wconf 87' lang='lat' dir='ltr'>suis,</span> <span class='ocrx_word' id='word_1_104' title='bbox 557 1947 778 2034; x_wconf 85' lang='lat' dir='ltr'>peregrinum</span> <span class='ocrx_word' id='word_1_105' title='bbox 795 1959 832 2012; x_wconf 89' lang='lat' dir='ltr'>ut</span> <span class='ocrx_word' id='word_1_106' title='bbox 846 1946 972 2014; x_wconf 83' lang='lat' dir='ltr'>viseret</span> <span class='ocrx_word' id='word_1_107' title='bbox 986 1946 1119 2024; x_wconf 88' lang='lat' dir='ltr'>orbem,</span> 
     </span>
     <span class='ocr_line' id='line_1_17' title="bbox 169 2053 1220 2142; baseline 0.004 -25"><span class='ocrx_word' id='word_1_108' title='bbox 169 2053 339 2118; x_wconf 90' lang='lat' dir='ltr'>montibus</span> <span class='ocrx_word' id='word_1_109' title='bbox 355 2053 391 2118; x_wconf 93' lang='lat' dir='ltr'>in</span> <span class='ocrx_word' id='word_1_110' title='bbox 406 2053 554 2140; x_wconf 90' lang='lat' dir='ltr'>liquidas</span> <span class='ocrx_word' id='word_1_111' title='bbox 571 2055 672 2138; x_wconf 89' lang='lat' dir='ltr'>pinus</span> <span class='ocrx_word' id='word_1_112' title='bbox 688 2054 919 2122; x_wconf 69' lang='lat' dir='ltr'>descenderat,</span> <span class='ocrx_word' id='word_1_113' title='bbox 929 2054 1055 2131; x_wconf 86' lang='lat' dir='ltr'>undas,</span> <span class='ocrx_word' id='word_1_114' title='bbox 1185 2083 1220 2142; x_wconf 77' lang='lat'>95</span> 
     </span>
     <span class='ocr_line' id='line_1_18' title="bbox 168 2160 1003 2252; baseline 0.002 -29"><span class='ocrx_word' id='word_1_115' title='bbox 168 2160 331 2246; x_wconf 89' lang='lat' dir='ltr'>nullaque</span> <span class='ocrx_word' id='word_1_116' title='bbox 348 2160 507 2235; x_wconf 83' lang='lat' dir='ltr'>mortales</span> <span class='ocrx_word' id='word_1_117' title='bbox 524 2172 659 2245; x_wconf 87' lang='lat' dir='ltr'>praeter</span> <span class='ocrx_word' id='word_1_118' title='bbox 675 2181 738 2227; x_wconf 86' lang='lat' dir='ltr'>sua</span> <span class='ocrx_word' id='word_1_119' title='bbox 754 2161 851 2252; x_wconf 89' lang='lat' dir='ltr'>litora</span> <span class='ocrx_word' id='word_1_120' title='bbox 868 2172 1003 2229; x_wconf 83' lang='lat' dir='ltr'>norant.</span> 
     </span>
     <span class='ocr_line' id='line_1_19' title="bbox 168 2265 1039 2353; baseline 0.003 -23"><span class='ocrx_word' id='word_1_121' title='bbox 168 2266 320 2331; x_wconf 89' lang='lat' dir='ltr'>nondum</span> <span class='ocrx_word' id='word_1_122' title='bbox 338 2265 543 2351; x_wconf 83' lang='lat' dir='ltr'>praecipites</span> <span class='ocrx_word' id='word_1_123' title='bbox 559 2266 746 2353; x_wconf 83' lang='lat' dir='ltr'>cingebant</span> <span class='ocrx_word' id='word_1_124' title='bbox 761 2268 889 2353; x_wconf 91' lang='lat' dir='ltr'>oppida</span> <span class='ocrx_word' id='word_1_125' title='bbox 905 2267 1039 2336; x_wconf 78' lang='lat' dir='ltr'>fossae:</span> 
     </span>
     <span class='ocr_line' id='line_1_20' title="bbox 168 2372 933 2451; baseline 0.005 -14"><span class='ocrx_word' id='word_1_126' title='bbox 168 2395 237 2438; x_wconf 91' lang='lat' dir='ltr'>non</span> <span class='ocrx_word' id='word_1_127' title='bbox 254 2374 335 2439; x_wconf 89' lang='lat' dir='ltr'>tuba</span> <span class='ocrx_word' id='word_1_128' title='bbox 352 2372 483 2449; x_wconf 87' lang='lat' dir='ltr'>directi,</span> <span class='ocrx_word' id='word_1_129' title='bbox 502 2395 570 2437; x_wconf 92' lang='lat' dir='ltr'>non</span> <span class='ocrx_word' id='word_1_130' title='bbox 586 2373 676 2441; x_wconf 87' lang='lat' dir='ltr'>aeris</span> <span class='ocrx_word' id='word_1_131' title='bbox 693 2395 822 2441; x_wconf 89' lang='lat' dir='ltr'>cornua</span> <span class='ocrx_word' id='word_1_132' title='bbox 837 2374 933 2451; x_wconf 84' lang='lat' dir='ltr'>flexi,</span> 
     </span>
     <span class='ocr_line' id='line_1_21' title="bbox 168 2480 1036 2566; baseline 0.006 -22"><span class='ocrx_word' id='word_1_133' title='bbox 168 2502 237 2545; x_wconf 91' lang='lat' dir='ltr'>non</span> <span class='ocrx_word' id='word_1_134' title='bbox 255 2480 392 2566; x_wconf 87' lang='lat' dir='ltr'><strong>galeae,</strong></span> <span class='ocrx_word' id='word_1_135' title='bbox 410 2480 587 2557; x_wconf 80' lang='lat' dir='ltr'>nonensis</span> <span class='ocrx_word' id='word_1_136' title='bbox 604 2491 721 2553; x_wconf 65' lang='lat' dir='ltr'>etanta</span> <span class='ocrx_word' id='word_1_137' title='bbox 747 2480 821 2547; x_wconf 85' lang='lat' dir='ltr'>sine</span> <span class='ocrx_word' id='word_1_138' title='bbox 838 2481 954 2549; x_wconf 90' lang='lat' dir='ltr'>militis</span> <span class='ocrx_word' id='word_1_139' title='bbox 970 2504 1036 2549; x_wconf 86' lang='lat' dir='ltr'>usu</span> 
     </span>
     <span class='ocr_line' id='line_1_22' title="bbox 169 2586 1221 2675; baseline 0.007 -25"><span class='ocrx_word' id='word_1_140' title='bbox 169 2587 286 2651; x_wconf 89' lang='lat' dir='ltr'>mollia</span> <span class='ocrx_word' id='word_1_141' title='bbox 303 2606 444 2661; x_wconf 82' lang='lat' dir='ltr'>securae</span> <span class='ocrx_word' id='word_1_142' title='bbox 461 2586 673 2673; x_wconf 84' lang='lat' dir='ltr'>peragebant</span> <span class='ocrx_word' id='word_1_143' title='bbox 688 2586 757 2653; x_wconf 86' lang='lat' dir='ltr'>otia</span> <span class='ocrx_word' id='word_1_144' title='bbox 773 2599 907 2675; x_wconf 84' lang='lat' dir='ltr'>gentes.</span> <span class='ocrx_word' id='word_1_145' title='bbox 1171 2622 1221 2665; x_wconf 73' lang='grc' dir='ltr'>ιω</span> 
     </span>
     <span class='ocr_line' id='line_1_23' title="bbox 169 2691 1099 2779; baseline 0.006 -22"><span class='ocrx_word' id='word_1_146' title='bbox 169 2692 244 2778; x_wconf 88' lang='lat' dir='ltr'>ipsa</span> <span class='ocrx_word' id='word_1_147' title='bbox 260 2713 396 2779; x_wconf 90' lang='lat' dir='ltr'>quoque</span> <span class='ocrx_word' id='word_1_148' title='bbox 413 2691 573 2757; x_wconf 89' lang='lat' dir='ltr'>immunis</span> <span class='ocrx_word' id='word_1_149' title='bbox 589 2702 765 2779; x_wconf 86' lang='lat' dir='ltr'>rastroque</span> <span class='ocrx_word' id='word_1_150' title='bbox 781 2693 921 2773; x_wconf 85' lang='lat' dir='ltr'>intacta,</span> <span class='ocrx_word' id='word_1_151' title='bbox 939 2716 1005 2762; x_wconf 87' lang='lat' dir='ltr'>nec</span> <span class='ocrx_word' id='word_1_152' title='bbox 1019 2695 1099 2763; x_wconf 90' lang='lat' dir='ltr'>ullis</span> 
     </span>
     <span class='ocr_line' id='line_1_24' title="bbox 170 2798 1034 2883; baseline 0.002 -20"><span class='ocrx_word' id='word_1_153' title='bbox 170 2798 287 2863; x_wconf 89' lang='lat' dir='ltr'>saucia</span> <span class='ocrx_word' id='word_1_154' title='bbox 303 2798 511 2871; x_wconf 88' lang='lat' dir='ltr'>vomeribus,</span> <span class='ocrx_word' id='word_1_155' title='bbox 530 2819 643 2883; x_wconf 89' lang='lat' dir='ltr'>perse</span> <span class='ocrx_word' id='word_1_156' title='bbox 660 2798 763 2865; x_wconf 90' lang='lat' dir='ltr'>dabat</span> <span class='ocrx_word' id='word_1_157' title='bbox 778 2802 894 2867; x_wconf 89' lang='lat' dir='ltr'>omnia</span> <span class='ocrx_word' id='word_1_158' title='bbox 911 2802 1034 2869; x_wconf 75' lang='lat' dir='ltr'>tellusr-</span> 
     </span>
     <span class='ocr_line' id='line_1_25' title="bbox 170 2903 1105 2993; baseline 0.007 -23"><span class='ocrx_word' id='word_1_159' title='bbox 170 2903 387 2990; x_wconf 78' lang='lat' dir='ltr'>contentique</span> <span class='ocrx_word' id='word_1_160' title='bbox 404 2903 489 2969; x_wconf 91' lang='lat' dir='ltr'>cibis</span> <span class='ocrx_word' id='word_1_161' title='bbox 505 2904 599 2970; x_wconf 91' lang='lat' dir='ltr'>nullo</span> <span class='ocrx_word' id='word_1_162' title='bbox 616 2917 762 2993; x_wconf 84' lang='lat' dir='ltr'>cogente</span> <span class='ocrx_word' id='word_1_163' title='bbox 779 2908 915 2985; x_wconf 85' lang='lat' dir='ltr'>creatis,</span> <span class='ocrx_word' id='word_1_164' title='bbox 981 2920 985 2925; x_wconf 86' lang='grc'><strong>’</strong></span> <span class='ocrx_word' id='word_1_165' title='bbox 1102 2915 1105 2921; x_wconf 81' lang='grc'><strong>’</strong></span> 
     </span>
     <span class='ocr_line' id='line_1_26' title="bbox 170 3009 985 3103; baseline 0.007 -28"><span class='ocrx_word' id='word_1_166' title='bbox 170 3011 328 3076; x_wconf 82' lang='lat' dir='ltr'>arbuteos</span> <span class='ocrx_word' id='word_1_167' title='bbox 343 3009 431 3075; x_wconf 85' lang='lat' dir='ltr'>setus</span> <span class='ocrx_word' id='word_1_168' title='bbox 449 3021 677 3098; x_wconf 84' lang='lat' dir='ltr'>montanaque</span> <span class='ocrx_word' id='word_1_169' title='bbox 693 3012 794 3102; x_wconf 80' lang='lat' dir='ltr'>fraga</span> <span class='ocrx_word' id='word_1_170' title='bbox 810 3015 985 3103; x_wconf 85' lang='lat' dir='ltr'>legebant,</span> 
     </span>
     <span class='ocr_line' id='line_1_27' title="bbox 170 3114 1220 3208; baseline 0.009 -26"><span class='ocrx_word' id='word_1_171' title='bbox 170 3137 342 3203; x_wconf 90' lang='lat' dir='ltr'>cornaque</span> <span class='ocrx_word' id='word_1_172' title='bbox 359 3127 392 3181; x_wconf 90' lang='lat' dir='ltr'>et</span> <span class='ocrx_word' id='word_1_173' title='bbox 407 3114 442 3181; x_wconf 92' lang='lat' dir='ltr'>in</span> <span class='ocrx_word' id='word_1_174' title='bbox 459 3116 552 3192; x_wconf 81' lang='lat' dir='ltr'>duris</span> <span class='ocrx_word' id='word_1_175' title='bbox 569 3118 745 3185; x_wconf 87' lang='lat' dir='ltr'>haerentia</span> <span class='ocrx_word' id='word_1_176' title='bbox 763 3142 861 3191; x_wconf 86' lang='lat' dir='ltr'>mora</span> <span class='ocrx_word' id='word_1_177' title='bbox 874 3122 1021 3198; x_wconf 88' lang='lat' dir='ltr'>rubetis,</span> <span class='ocrx_word' id='word_1_178' title='bbox 1079 3117 1091 3141; x_wconf 84' lang='lat'>&#39;</span> <span class='ocrx_word' id='word_1_179' title='bbox 1172 3151 1220 3208; x_wconf 80' lang='lat'>105</span> 
     </span>
     <span class='ocr_line' id='line_1_28' title="bbox 169 3222 1074 3316; baseline 0.006 -29"><span class='ocrx_word' id='word_1_180' title='bbox 169 3234 202 3287; x_wconf 90' lang='lat' dir='ltr'>et</span> <span class='ocrx_word' id='word_1_181' title='bbox 218 3243 307 3310; x_wconf 89' lang='lat' dir='ltr'>quae</span> <span class='ocrx_word' id='word_1_182' title='bbox 323 3222 520 3288; x_wconf 87' lang='lat' dir='ltr'>deciderant</span> <span class='ocrx_word' id='word_1_183' title='bbox 535 3226 653 3309; x_wconf 89' lang='lat' dir='ltr'>patula</span> <span class='ocrx_word' id='word_1_184' title='bbox 665 3226 762 3312; x_wconf 90' lang='lat' dir='ltr'>Jovis</span> <span class='ocrx_word' id='word_1_185' title='bbox 778 3229 898 3294; x_wconf 87' lang='lat' dir='ltr'>arbore</span> <span class='ocrx_word' id='word_1_186' title='bbox 915 3229 1074 3316; x_wconf 78' lang='lat' dir='ltr'>glandes.</span> 
     </span>
     <span class='ocr_line' id='line_1_29' title="bbox 169 3332 1054 3420; baseline 0.006 -26"><span class='ocrx_word' id='word_1_187' title='bbox 169 3352 229 3395; x_wconf 87' lang='lat' dir='ltr'>ver</span> <span class='ocrx_word' id='word_1_188' title='bbox 245 3340 318 3394; x_wconf 89' lang='lat' dir='ltr'>erat</span> <span class='ocrx_word' id='word_1_189' title='bbox 335 3340 529 3407; x_wconf 88' lang='lat' dir='ltr'>aeternum,</span> <span class='ocrx_word' id='word_1_190' title='bbox 543 3332 739 3419; x_wconf 91' lang='lat' dir='ltr'>placidique</span> <span class='ocrx_word' id='word_1_191' title='bbox 755 3334 945 3420; x_wconf 84' lang='lat' dir='ltr'>tepentibus</span> <span class='ocrx_word' id='word_1_192' title='bbox 961 3333 1054 3399; x_wconf 86' lang='lat' dir='ltr'>auris</span> 
     </span>
     <span class='ocr_line' id='line_1_30' title="bbox 170 3436 1026 3524; baseline 0.008 -26"><span class='ocrx_word' id='word_1_193' title='bbox 170 3436 366 3500; x_wconf 86' lang='lat' dir='ltr'>mulcebant</span> <span class='ocrx_word' id='word_1_194' title='bbox 382 3436 524 3524; x_wconf 82' lang='lat' dir='ltr'>zephyri</span> <span class='ocrx_word' id='word_1_195' title='bbox 541 3451 639 3504; x_wconf 90' lang='lat' dir='ltr'>natos</span> <span class='ocrx_word' id='word_1_196' title='bbox 655 3438 730 3513; x_wconf 90' lang='lat' dir='ltr'>sine</span> <span class='ocrx_word' id='word_1_197' title='bbox 746 3440 877 3515; x_wconf 75' lang='lat' dir='ltr'>sentiae</span> <span class='ocrx_word' id='word_1_198' title='bbox 893 3440 1006 3507; x_wconf 83' lang='lat' dir='ltr'>fiores.</span> <span class='ocrx_word' id='word_1_199' title='bbox 1023 3449 1026 3453; x_wconf 81' lang='grc'><em>“</em></span> 
     </span>
     <span class='ocr_line' id='line_1_31' title="bbox 170 3542 929 3630; baseline 0.011 -25"><span class='ocrx_word' id='word_1_200' title='bbox 170 3564 251 3607; x_wconf 75' lang='lat' dir='ltr'>naox</span> <span class='ocrx_word' id='word_1_201' title='bbox 268 3542 369 3606; x_wconf 85' lang='lat' dir='ltr'>etiam</span> <span class='ocrx_word' id='word_1_202' title='bbox 387 3542 504 3630; x_wconf 80' lang='lat' dir='ltr'>fruges</span> <span class='ocrx_word' id='word_1_203' title='bbox 520 3545 621 3610; x_wconf 88' lang='lat' dir='ltr'>tellus</span> <span class='ocrx_word' id='word_1_204' title='bbox 636 3544 770 3617; x_wconf 86' lang='lat' dir='ltr'>inarata</span> <span class='ocrx_word' id='word_1_205' title='bbox 786 3546 929 3620; x_wconf 81' lang='lat' dir='ltr'>ferebat,</span> 
     </span>
     <span class='ocr_line' id='line_1_32' title="bbox 169 3650 1223 3738; baseline 0.01 -27"><span class='ocrx_word' id='word_1_206' title='bbox 169 3669 234 3713; x_wconf 92' lang='lat' dir='ltr'>nec</span> <span class='ocrx_word' id='word_1_207' title='bbox 250 3660 535 3737; x_wconf 88' lang='lat' dir='ltr'>renovatus-ager</span> <span class='ocrx_word' id='word_1_208' title='bbox 551 3650 704 3738; x_wconf 89' lang='lat' dir='ltr'>gravidis</span> <span class='ocrx_word' id='word_1_209' title='bbox 720 3653 866 3717; x_wconf 88' lang='lat' dir='ltr'>canebat</span> <span class='ocrx_word' id='word_1_210' title='bbox 881 3653 1013 3719; x_wconf 81' lang='lat' dir='ltr'>aristisr</span> <span class='ocrx_word' id='word_1_211' title='bbox 1174 3683 1223 3722; x_wconf 84' lang='lat'>110</span> 
     </span>
     <span class='ocr_line' id='line_1_33' title="bbox 169 3754 1057 3845; baseline 0.005 -26"><span class='ocrx_word' id='word_1_212' title='bbox 169 3754 311 3820; x_wconf 89' lang='lat' dir='ltr'>flumina</span> <span class='ocrx_word' id='word_1_213' title='bbox 324 3756 396 3845; x_wconf 88' lang='lat' dir='ltr'>jam</span> <span class='ocrx_word' id='word_1_214' title='bbox 414 3758 525 3830; x_wconf 87' lang='lat' dir='ltr'>lactis,</span> <span class='ocrx_word' id='word_1_215' title='bbox 540 3758 612 3845; x_wconf 90' lang='lat' dir='ltr'>jam</span> <span class='ocrx_word' id='word_1_216' title='bbox 628 3758 772 3823; x_wconf 90' lang='lat' dir='ltr'>flumina</span> <span class='ocrx_word' id='word_1_217' title='bbox 788 3759 934 3825; x_wconf 89' lang='lat' dir='ltr'>nectaris</span> <span class='ocrx_word' id='word_1_218' title='bbox 951 3760 1057 3836; x_wconf 88' lang='lat' dir='ltr'>ibant,</span> 
     </span>
     <span class='ocr_line' id='line_1_34' title="bbox 168 3861 916 3949; baseline 0.005 -22"><span class='ocrx_word' id='word_1_219' title='bbox 168 3861 326 3949; x_wconf 87' lang='lat' dir='ltr'>flavaque</span> <span class='ocrx_word' id='word_1_220' title='bbox 345 3864 387 3928; x_wconf 88' lang='lat' dir='ltr'>de</span> <span class='ocrx_word' id='word_1_221' title='bbox 404 3863 503 3929; x_wconf 92' lang='lat' dir='ltr'>viridi</span> <span class='ocrx_word' id='word_1_222' title='bbox 519 3863 693 3928; x_wconf 90' lang='lat' dir='ltr'>stillabant</span> <span class='ocrx_word' id='word_1_223' title='bbox 708 3864 786 3934; x_wconf 85' lang='lat' dir='ltr'>ilice</span> <span class='ocrx_word' id='word_1_224' title='bbox 802 3866 916 3931; x_wconf 87' lang='lat' dir='ltr'>mella.</span> 
     </span>
    </p>

    <p class='ocr_par' dir='ltr' id='par_1_8' title="bbox 215 3953 1100 4056">
     <span class='ocr_line' id='line_1_35' title="bbox 215 3953 1100 4056; baseline 0.005 -21"><span class='ocrx_word' id='word_1_225' title='bbox 215 3968 401 4056; x_wconf 89' lang='lat' dir='ltr'>Postquam</span> <span class='ocrx_word' id='word_1_226' title='bbox 418 3953 568 4045; x_wconf 78' lang='lat' dir='ltr'>Saturno</span> <span class='ocrx_word' id='word_1_227' title='bbox 583 3970 765 4037; x_wconf 83' lang='lat' dir='ltr'>tenebrosa</span> <span class='ocrx_word' id='word_1_228' title='bbox 781 3970 816 4035; x_wconf 88' lang='lat' dir='ltr'>in</span> <span class='ocrx_word' id='word_1_229' title='bbox 831 3970 979 4038; x_wconf 87' lang='lat' dir='ltr'>Tartara</span> <span class='ocrx_word' id='word_1_230' title='bbox 994 3972 1100 4039; x_wconf 84' lang='lat' dir='ltr'>misso</span> 
     </span>
    </p>
   </div>
   <div class='ocr_carea' id='block_1_3' title="bbox 0 0 1391 4467">
    <p class='ocr_par' dir='ltr' id='par_1_9' title="bbox 0 0 1391 4467">
     <span class='ocr_line' id='line_1_36' title="bbox 0 0 1391 4467; baseline 0 0"><span class='ocrx_word' id='word_1_231' title='bbox 0 0 1391 4467; x_wconf 95' lang='lat' dir='ltr'> </span> 
     </span>
    </p>
   </div>
  </div>
 </body>
</html>
