2767 4467
159 290 223 358 108
467 289 504 356 Τ
497 290 540 356 be
563 287 670 376 Story
693 288 742 375 ῳ(
754 287 888 354 Medos.
1063 301 1207 374 [Manu.

155 485 228 565 ille,
246 486 337 553 male
352 509 476 553 usurus
492 485 605 562 donis,
623 484 669 550 ait
688 483 831 559 ‘Effice,
850 481 1014 570 quicquid

157 614 299 679 corpore
315 593 505 680 contigero,
524 592 654 656 fulvum
671 599 822 656 vertatur
838 589 874 652 in
891 586 1035 653 aurum!

158 699 277 764 adnuit
291 699 428 785 optatis,
446 699 670 784 nocituraque
688 716 831 760 munera
848 694 949 760 solvit

157 805 277 882 Liber,
296 815 329 869 et
345 803 501 879 indoluit,
519 804 612 890 quod
628 824 697 867 non
714 801 857 866 meliora
874 799 1024 887 petisset.
1160 826 1209 885 ¹⁰5

203 911 332 977 Laetus
349 911 431 984 abit,
449 911 645 998 gaudetque
663 909 755 973 malo
772 906 999 993 Berecyntius
1014 906 1141 971 heros:

158 1017 368 1105 pollicitique
383 1018 487 1083 iidem
503 1016 679 1103 tangendo
696 1014 833 1102 singula
850 1022 1003 1099 temptat.

157 1125 285 1212 vixque
301 1124 365 1190 sibi
382 1124 539 1198 credens,
558 1143 626 1187 non
645 1121 713 1186 alta
730 1121 850 1186 sronde
866 1118 988 1184 virenti

158 1231 236 1296 ilice
253 1230 400 1296 detraxit
415 1230 549 1316 virgam
564 1251 572 1290 τ
597 1228 697 1316 virga
714 1245 819 1292 aurea
836 1225 925 1290 facta
943 1233 1014 1299 est;

158 1338 243 1402 tollit
258 1337 364 1401 humo
381 1356 525 1400 saxum:
550 1355 673 1399 saxum
690 1352 826 1418 quoque
842 1331 963 1417 palluit
978 1351 1084 1407 aur03
1162 1331 1214 1399 rro

158 1441 300 1530 contigit
315 1452 349 1505 et
364 1440 524 1528 glebam=
549 1449 708 1505 contactu
726 1438 829 1526 gleba
846 1436 974 1523 potenti

157 1569 271 1613 massa
288 1547 344 1620 fit;
370 1545 496 1610 arentis
513 1543 650 1611 Cereris
667 1544 838 1630 decerpsit
853 1543 995 1610 aristas:
1067 1599 1079 1612 .

157 1674 262 1718 aurea
280 1651 400 1716 messis
416 1662 508 1723 erat;
534 1651 710 1736 demptum
726 1660 819 1715 tenet
835 1650 956 1716 arbore
973 1670 1138 1736 pomum:

159 1758 372 1845 Hesperidas
389 1757 535 1822 donasse
552 1768 660 1843 putes.
709 1755 747 1821 Si
765 1756 917 1841 postibus
934 1755 1011 1823 altis

157 1864 308 1930 admovit
323 1863 461 1951 digitos,
480 1875 594 1950 postes
610 1862 745 1929 radiare
762 1862 940 1938 videntum
1163 1893 1192 1932 11
1197 1889 1213 1947 ς

109 1968 110 1971 ’
156 1970 214 2035 ille
232 1969 333 2035 etiam
351 1968 488 2055 liquidis
504 1970 641 2054 palmas,
653 1969 712 2034 ubi
729 1970 861 2034 laverat
875 1970 990 2046 undis,

108 2073 111 2079 ’
155 2076 250 2141 unda
266 2074 377 2140 fluens
393 2075 518 2162 palmis
535 2075 681 2140 Danaen
700 2076 839 2141 eludere
857 2088 981 2162 posset.

199 2181 272 2247 Vix
289 2204 368 2268 spes
385 2181 459 2268 ipse
476 2203 556 2247 suas
573 2181 687 2247 animo
705 2181 808 2268 capit,
828 2203 933 2247 aurea
948 2183 1089 2270 fingens

155 2290 285 2355 omnia.
335 2287 507 2354 Gaudenti
525 2309 662 2354 mensas
679 2273 825 2374 posuere
841 2281 984 2353 ministri

156 2405 346 2461 exstructas
362 2394 521 2481 dapibus,
539 2415 604 2460 nec
619 2406 728 2461 tostae
744 2394 853 2483 frugis
870 2405 1034 2484 egentes:
1164 2425 1214 2465 120

155 2513 227 2567 turn
243 2524 338 2579 vero,
356 2502 429 2568 sive
444 2502 503 2567 ille
520 2523 582 2567 sua
599 2499 758 2567 Cerealia
775 2502 897 2566 dextra

157 2631 299 2674 munera
316 2608 518 2697 contigerat,
534 2607 695 2673 Cerealia
712 2609 803 2673 dona
820 2608 998 2696 rigebant3

155 2716 228 2781 sive
244 2716 352 2802 dapes
368 2715 469 2780 avido
485 2714 678 2780 convellere
696 2715 796 2780 dente
813 2714 971 2800 parabat,

154 2821 284 2886 lamina
301 2822 394 2886 fulva
410 2822 529 2906 dapes,
549 2821 686 2886 admoto
703 2821 817 2896 dente,
837 2820 1035 2906 premebat;

155 2927 340 2992 miscuerat
354 2927 449 3012 puris
466 2937 638 2990 auctorem
657 2927 808 2991 muneris
824 2926 949 2991 undis:
1163 2957 1211 3014 125

155 3032 255 3097 fusile
272 3053 333 3117 per
348 3031 452 3097 rictus
469 3053 589 3095 aurum
605 3029 739 3097 fluitare
758 3031 904 3097 videres.

200 3137 373 3203 Attonitus
389 3137 537 3203 novitate
554 3138 650 3213 mali,
669 3138 833 3224 divesque
851 3139 1037 3224 miserque,

156 3244 311 3332 effugere
326 3255 421 3329 optat
435 3265 532 3330 opes,
551 3254 584 3308 et
599 3265 688 3330 quae
707 3244 807 3309 modo
823 3255 978 3318 voverat,
995 3243 1079 3309 odit.

157 3349 256 3434 copia
272 3350 368 3415 nulla
385 3349 511 3414 famem
528 3350 676 3414 relevat:
702 3350 773 3415 sitis
791 3349 886 3416 arida
904 3360 1020 3438 guttur

156 3456 235 3531 urit,
253 3466 286 3522 et
301 3455 411 3520 inviso
428 3455 567 3521 meritus
583 3466 758 3541 torquetur
774 3456 818 3521 ab
835 3477 931 3520 auro.

157 3560 201 3624 ad
218 3559 420 3644 caelumque
438 3580 560 3623 manus
574 3569 607 3623 et
623 3559 804 3644 splendida
821 3559 986 3624 bracchia
1002 3559 1144 3636 tollens,

158 3663 239 3728 ‘Da
254 3664 404 3740 veniam,
423 3662 563 3728 Lenaee
580 3663 697 3749 pater!
723 3664 967 3750 peccavimuS,’
984 3665 1109 3752 inquit,

159 3770 244 3834 ‘sed
261 3769 436 3843 miserere,
455 3791 587 3855 precor,
607 3770 829 3856 speciosoque
846 3771 940 3856 eripe
957 3771 1112 3837 damno.’

147 3918 152 3934 .
201 3872 287 3938 Mite
305 3874 407 3938 deum
423 3873 727 3949 numen,Bacchus
743 3897 907 3961 peccasse
924 3876 1089 3944 fatentem

152 3979 311 4056 restituit,
329 3978 478 4067 factique
494 3981 563 4046 fide
579 3982 661 4046 data
678 4001 820 4046 munera
837 3980 949 4047 solvit.
1165 4018 1176 4058 ι
1181 4012 1213 4071 35
