2767 4467
137 256 298 329 x11.13q]
492 241 611 309 Deatb
635 243 684 328 os
701 241 854 330 Cygnus.
929 301 946 328 ,

139 435 319 524 quasque’
337 436 387 502 ait
404 447 414 479 ‘
430 447 510 503 ante
526 437 644 503 habuit
659 437 763 515 vires,
781 435 900 504 effudit
915 435 951 501 in
966 432 1060 502 uno?

139 562 221 604 nam
238 552 334 606 certe
349 542 460 619 valui,
478 544 535 608 vel
551 563 629 608 cum
646 542 818 631 Lyrnesia
834 543 965 629 primus

139 643 282 709 moenia
299 645 424 732 dejeci,
443 646 498 711 vel
515 667 593 712 cum
610 645 847 733 Tenedonque
864 665 995 732 suoque

140 747 332 816 E'e'tioneas
347 751 489 837 implevi
506 752 675 840 sanguine
691 752 855 828 Thebas3
1151 787 1201 828 no

139 856 199 921 vel
216 875 298 921 cum
315 878 509 943 purpureus
525 858 681 945 populari
698 858 805 942 caede
822 853 964 946 Ca'ycus

110 995 114 1003 ·
141 961 257 1038 fluxit,
275 984 432 1050 opusque
449 985 547 1030 meae
561 964 615 1032 bis
630 963 738 1030 sensit
753 963 933 1050 Telephus
949 965 1079 1034 hastae.

143 1068 203 1133 hic
218 1090 358 1156 quoque
374 1080 422 1135 tot
437 1070 560 1146 caesis,
578 1091 724 1157 quorum
741 1091 803 1156 per
818 1069 898 1137 litus
915 1091 1056 1140 acervos

143 1186 178 1240 et
193 1175 277 1252 feci,
295 1186 330 1241 et
343 1175 458 1254 video,
475 1177 583 1242 valuit
598 1197 676 1242 mea
692 1177 814 1242 dextra
830 1176 1013 1267 valetque?

190 1281 301 1358 Dixit,
319 1292 366 1358 et,
385 1293 463 1348 ante
479 1283 563 1349 actis
579 1283 684 1349 veluti
702 1283 792 1348 male
809 1283 975 1362 crederet,
994 1285 1127 1352 hastam
1150 1317 1197 1372 115

143 1388 239 1454 misit
254 1389 291 1453 in
308 1390 490 1455 adversum
506 1388 619 1478 Lycia
635 1388 679 1455 de
696 1390 796 1476 plebe
814 1388 1012 1470 Menoeten,

143 1495 360 1583 loricamque
376 1494 477 1562 simul
494 1497 715 1586 subjectaque
732 1507 871 1584 pectora
888 1497 990 1585 rupit.

143 1623 216 1690 quo
231 1602 421 1690 plangente
437 1623 580 1692 gravem
598 1601 802 1670 moribundo
817 1603 944 1672 vertice
958 1616 1098 1684 terram,

144 1708 297 1775 extrahit
312 1708 398 1775 illud
413 1709 506 1775 idem
522 1710 635 1775 calido
652 1710 696 1776 de
712 1709 854 1776 vulnere
869 1711 988 1788 telum,

146 1827 250 1904 atque
267 1815 335 1882 aitz
354 1827 364 1857 ‘
381 1815 482 1882 Haec
497 1837 621 1882 manus
636 1825 700 1894 est,
719 1816 818 1894 haec,
837 1836 905 1904 qua
922 1817 1024 1884 modo
1038 1817 1197 1895 vicimus,

285 1924 405 1998 hasta;
1152 1955 1201 1995 120

145 2041 225 2096 utar
240 2031 277 2095 in
293 2031 360 2096 hoc
376 2030 506 2096 isdem:
530 2030 624 2097 sitin
646 2032 713 2098 hoc
729 2051 851 2117 precor
867 2029 978 2096 exitus
994 2029 1111 2096 idem.’

148 2138 198 2205 sic
214 2139 317 2214 satur,
335 2138 569 2227 Cygnumque
586 2138 689 2225 petit3
714 2159 781 2204 nec
796 2137 951 2203 fraxinus
967 2148 1071 2213 errat,

147 2247 253 2334 inque
268 2248 415 2311 humero
430 2245 542 2311 sonuit
558 2266 627 2311 non
644 2244 768 2310 evitata
785 2244 943 2310 sinistro:

124 2369 128 2376 ·
148 2353 228 2419 inde
244 2354 340 2419 velut
356 2373 455 2417 muro
471 2352 649 2439 solidaque
665 2371 686 2416 a
704 2361 802 2416 caute
818 2349 957 2438 repulsa
974 2359 1036 2416 est.

149 2483 216 2549 qua
231 2472 350 2526 tamen
365 2459 453 2524 ictus
469 2469 554 2536 erat,
573 2457 747 2546 signatum
764 2455 935 2546 sanguine
951 2454 1117 2544 Cygnum
1152 2483 1199 2540 125

147 2569 294 2644 viderat,
312 2579 345 2633 et
361 2567 486 2631 frustra
502 2566 613 2633 fuerat
627 2563 770 2652 gavisus
785 2560 955 2628 Achilles.

147 2675 273 2741 vulnus
289 2684 365 2739 erat
380 2672 534 2738 nullum:
560 2669 704 2759 sanguis
720 2679 794 2735 erat
808 2669 867 2734 ille
884 2667 1081 2734 Menoetae.

192 2783 288 2846 Tum
302 2802 388 2846 vero
402 2799 570 2866 praeceps
586 2799 689 2843 curru
705 2775 950 2841 fremebundus
967 2774 1010 2839 ab
1027 2775 1096 2840 alto

149 2889 274 2967 desilit,
292 2900 326 2954 et
342 2888 450 2953 nitido
466 2907 625 2953 securum
642 2882 799 2949 cominus
817 2882 950 2947 hostem

150 3019 232 3063 ense
248 3007 384 3084 petens,
402 3016 556 3081 parmam
572 2991 691 3080 gladio
707 2989 915 3078 galeamque
931 2987 1048 3054 cavari
1153 3019 1202 3071 130

150 3104 271 3180 cernit,
290 3114 325 3167 at
339 3103 375 3168 in
392 3103 477 3168 duro
493 3101 583 3168 laedi
599 3118 736 3187 quoque
753 3114 896 3181 corpore
913 3095 1053 3160 serrum.

150 3211 244 3277 haud
260 3210 337 3276 tulit
351 3208 505 3287 ulterius,
524 3207 704 3293 clipeoque
722 3204 867 3269 adversa
884 3210 1011 3265 retecto

149 3329 200 3384 ter
215 3329 338 3405 quater
353 3337 414 3383 ora
430 3314 541 3380 viriet
557 3314 682 3399 capulo
700 3333 785 3378 cava
802 3321 955 3395 tempora
972 3307 1106 3392 pulsat;

117 3472 120 3477 -
151 3425 356 3510 cedentique
371 3443 519 3508 sequens
534 3421 649 3496 instat,
667 3420 863 3504 turbatque,
882 3414 1030 3500 ruitque,

151 3535 362 3618 attonitoque
377 3540 483 3616 negat
498 3527 664 3614 requiem.
713 3525 826 3592 Pavor
841 3533 988 3608 occupat
1004 3520 1121 3585 illumz
1155 3545 1203 3600 135

151 3653 231 3707 ante
246 3639 435 3723 oculosque
451 3643 570 3698 natant
584 3634 760 3708 tenebrae,
778 3643 935 3718 retroque
952 3627 1074 3694 ferenti

126 3733 129 3740 ¹
152 3767 293 3813 aversos
310 3765 434 3830 passus
449 3741 562 3806 medio
578 3741 667 3826 lapis
682 3737 809 3803 obstitit
825 3759 920 3801 arvo.

152 3875 255 3941 quem
273 3871 379 3936 super
393 3847 578 3934 impulsum
594 3843 757 3928 resupino
773 3852 909 3928 pectore
926 3839 1092 3930 Cygnum

151 3961 186 4028 vi
202 3960 313 4025 multa
327 3955 439 4030 vertit,
456 3962 635 4038 terraeque
652 3946 784 4012 adflixit
798 3945 966 4008 Achilles.
