2767 4467
129 237 283 312 xl11.398.]
333 223 436 312 Ajax
459 225 556 315 slays
577 227 725 316 himself
737 231 773 296 in
808 229 940 296 Wrath.
1098 246 1162 316 129

127 403 185 484 este
198 418 262 484 mei
278 441 452 491 memores
465 422 475 489 l
501 435 561 491 aut
576 425 605 492 si
620 424 703 492 mihi
719 447 788 493 nou
804 425 892 492 datis
908 445 1018 502 arma,
1109 441 1161 508 380

126 525 193 590 huic
206 527 281 592 date
293 527 303 592 l
314 528 379 578 '-
390 541 426 596 et
442 532 592 597 ostendit
607 532 744 620 signum
761 532 864 598 fatale
881 531 1075 597 Minervae.

159 631 249 698 Mota
265 621 389 702 manus
407 659 594 723 procerum
605 651 672 715 est,
690 649 724 704 et
739 640 821 726 quid
838 637 998 704 facundia
1014 647 1142 724 posset,

121 759 153 802 re
166 741 285 824 patuit;
309 742 480 832 sortisque
496 743 560 808 viri
576 745 651 810 tulit
666 766 762 810 arma
779 745 934 811 disertus.

120 843 257 912 Hectora
272 849 331 934 qui
348 851 461 926 solus,
480 849 539 938 qui
556 850 696 928 serrum,
714 851 894 939 ignesque,
908 849 1099 936 Jovemque

119 951 261 1018 sustinuit
275 955 417 1033 totiens,
437 977 544 1022 unam
560 978 628 1023 non
644 957 786 1022 sustinet
802 956 910 1021 iram:
1109 973 1159 1042 385

117 1057 337 1148 invictumque
352 1064 469 1128 virum
486 1063 592 1129 vincit
607 1063 715 1129 dolor.
763 1061 897 1148 Arripit
913 1082 1044 1137 ensem,

117 1174 146 1228 et
161 1174 169 1204 ‘
183 1165 282 1233 Meus
294 1169 355 1234 hic
367 1181 462 1236 certe
475 1181 538 1235 est.
585 1168 645 1235 An
657 1180 691 1235 et
706 1170 799 1234 hunc
814 1167 879 1234 sibi
895 1167 1005 1254 poscit
1017 1165 1162 1236 Ulixes?

116 1270 174 1336 hoc
186 1271 195 1298 ’
209 1273 255 1338 ait
272 1278 469 1342 ‘utendum
486 1275 589 1342 estin
605 1297 661 1342 me
677 1274 783 1352 mihi3
808 1274 935 1363 quique
951 1295 1070 1341 cruore

115 1398 208 1463 saepe
223 1379 414 1472 Phrygum
431 1382 574 1459 maduit,
593 1382 723 1449 domini
739 1403 832 1450 nunc
848 1381 955 1450 caede
973 1380 1135 1458 madebit,

114 1487 351 1576 nequisquam
367 1490 517 1580 Ajacem
534 1489 640 1577 possit
655 1509 831 1576 superare,
849 1488 914 1554 nisi
930 1486 1047 1576 Ajmu’
1109 1517 1161 1575 390

115 1591 203 1669 dixit,
222 1596 308 1662 etin
324 1609 448 1684 pectus
463 1608 537 1663 tum
552 1597 693 1662 demum
708 1597 851 1662 vulnera
867 1615 1008 1682 passum

113 1719 174 1782 qua
189 1703 296 1786 patuit
312 1705 459 1781 serrum,
477 1704 613 1770 letalem
630 1702 782 1770 condidit
798 1723 928 1769 ensem.

113 1824 173 1869 uec
186 1808 329 1875 valuere
347 1832 472 1878 manus
485 1810 629 1876 infixum
646 1810 794 1876 educere
810 1809 935 1874 telum:

114 1913 237 1997 expulit
251 1915 332 2002 ipse
347 1938 469 1990 cruor3
494 1916 738 2004 rubefactaque
755 1915 924 2005 sanguine
940 1915 1041 1983 tellus

114 2037 321 2105 purpureum
335 2023 437 2089 viridi
454 2024 574 2112 genuit
589 2025 632 2090 de
647 2023 775 2110 cespite
791 2023 925 2101 florem,
1109 2051 1160 2111 395

115 2125 169 2208 qui
183 2127 278 2211 prius
295 2129 444 2196 Oebalio
460 2129 571 2196 fuerat
586 2129 630 2196 de
644 2130 787 2197 vulnere
803 2142 912 2197 natus.

115 2229 219 2298 littera
235 2239 431 2302 communis
447 2237 568 2303 mediis
584 2257 758 2325 pueroque
775 2238 914 2326 viroque

115 2335 274 2428 inscripta
290 2355 339 2410 est
354 2342 470 2410 loliis:
495 2344 582 2411 haec
596 2343 758 2422 nominis,
776 2343 835 2410 illa
851 2343 1037 2434 querellae.
