2767 4467
143 267 174 320 x.
185 266 252 337 219]
435 250 555 319 Death
579 251 627 338 os
638 249 873 339 flyiamirthus.
1119 268 1181 336 103

141 444 287 510 Phoebus
303 445 364 523 ait,
381 447 554 534 videoque
569 457 679 524 tuum,
697 468 775 513 mea
791 445 948 522 crimina,
966 445 1101 514 vulnus.

140 562 171 615 tu
185 551 276 616 dolor
291 573 342 629 es,
362 553 566 641 facinusque
583 575 720 619 meum:
745 575 823 618 mea
840 553 983 618 dextera
999 552 1067 621 leto

139 656 344 722 inscribenda
360 669 422 725 tuo
439 671 491 724 est
501 681 511 734 ;
535 681 601 748 ego
618 682 694 726 sum
711 659 771 725 tibi
788 659 918 724 funeris
935 669 1063 726 auctor.

138 784 219 849 quae
233 784 308 828 mea
325 765 433 850 culpa
449 765 587 831 tamen?
611 765 676 832 nisi
693 764 722 831 si
739 764 862 830 lusisse
879 764 995 831 vocari
1130 771 1183 838 200*

139 869 230 954 culpa
245 879 368 954 potest,
388 870 455 936 nisi
472 872 574 957 culpa
590 882 701 958 potest
716 881 751 937 et
767 891 903 938 amasse
918 870 1046 938 vocari.

138 986 230 1060 atque
244 975 377 1040 utinam
395 988 507 1062 prote
524 978 642 1053 vitam,
661 988 820 1043 tecumve
838 977 956 1044 liceret

137 1079 289 1147 redderet
338 1081 451 1168 Quod
464 1083 628 1171 qnoniam
644 1083 740 1149 fatali
757 1085 837 1172 lege
853 1095 1022 1161 tenemur,

137 1208 262 1273 semper
276 1189 346 1256 eris
363 1176 516 1267 mecum,
536 1190 748 1277 memorique
765 1190 923 1257 haerebis
939 1189 973 1256 in
990 1211 1062 1257 ore.

136 1304 164 1359 te
179 1295 250 1382 lyra
266 1297 370 1383 pulsa
388 1305 507 1374 mauu,
525 1309 558 1364 te
575 1298 732 1364 carmina
748 1307 864 1364 nostra
879 1297 1070 1372 sonabunt3
1132 1325 1184 1384 ²05

135 1399 255 1489 flosque
271 1425 387 1470 novus
403 1405 529 1490 scripto
545 1404 695 1491 gemitus
711 1403 888 1469 imitabere
906 1414 1059 1469 nostross

136 1492 259 1594 tempus
275 1522 309 1578 et
325 1511 415 1579 illud
432 1511 508 1587 erit,
525 1533 594 1599 quo
610 1532 649 1577 se
665 1509 985 1576 fortissimusheros

136 1614 231 1680 addat
244 1617 280 1682 in
296 1619 397 1686 hunc
411 1616 546 1693 florem,
562 1617 714 1703 folioque
730 1617 865 1704 legatur
880 1601 1039 1683 eodem.’'

176 1721 299 1790 ‘Talia
316 1726 405 1791 dum
421 1743 503 1790 vero
519 1734 754 1790 memorantur
768 1720 941 1808 Apollinis
957 1744 1029 1798 ore,

136 1847 209 1894 ecce
225 1852 339 1909 cruor,
358 1833 419 1919 qui
435 1831 532 1898 susus
547 1833 655 1898 humo
671 1831 869 1918 signaverat
885 1831 1042 1908 herbam,
1134 1861 1186 1902 210

135 1935 251 2003 desinit
266 1959 345 2005 esse
361 1948 478 2014 cruor,
494 1938 673 2026 Tyrioque
689 1937 848 2004 nitentior
862 1947 954 2004 ostm

135 2040 193 2108 flos
206 2045 325 2123 oritur,
344 2046 561 2134 formamque
577 2045 670 2132 capit
683 2066 789 2134 quam
805 2044 889 2121 lilia,
907 2044 937 2110 si
953 2065 1024 2110 non

135 2169 322 2236 purpureus
339 2152 436 2219 color
452 2152 518 2228 his,
537 2164 722 2240 argenteus
738 2161 828 2218 esset
844 2151 880 2216 in
896 2150 979 2216 illis.

136 2257 293 2324 nonsatis
309 2259 380 2324 hoc
394 2256 537 2325 Phoebo
553 2270 604 2325 est
619 2257 668 2345 (is
683 2258 775 2324 enim
789 2257 851 2322 tuit
867 2267 987 2323 auctor
1002 2255 1160 2345 honoris)
1175 2279 1184 2322 ι

135 2360 204 2446 ipse
220 2385 301 2430 suos
318 2364 470 2453 gemitus
486 2364 757 2440 soliisiuscribit,
775 2375 809 2430 et
832 2381 872 2428 Αι
895 2381 935 2428 At
1135 2393 1165 2434 21
1171 2390 1185 2449 ς

136 2466 194 2533 flos
209 2470 314 2536 habet
330 2470 545 2556 inscriptum,
564 2471 766 2558 funestaque
783 2470 894 2536 littera
911 2469 1013 2535 ducta
1031 2477 1094 2534 est.

135 2594 196 2639 nec
211 2577 378 2664 genuisse
393 2577 499 2662 pudet
514 2576 663 2663 Sparten
681 2577 919 2665 Hyacinthon,
937 2577 1115 2663 honorque

136 2681 231 2748 durat
245 2682 281 2748 in
299 2685 369 2749 hoc
386 2683 485 2758 aevi3
509 2684 788 2770 celebrandaque
804 2703 896 2748 more
913 2683 1065 2769 priorum

136 2807 249 2854 annua
262 2788 422 2878 praelata
437 2789 582 2858 redeunt
597 2790 811 2881 Hyacinthia
827 2789 980 2878 pompa.’
