2767 4467
145 262 203 345 Vll.
217 263 271 335 70·]
384 240 458 309 Sne
479 244 667 310 dr‘scourses
690 243 773 309 with
796 240 938 329 herself.
1135 248 1180 327 07

182 442 243 506 ‘Di
258 442 403 507 meliora
420 440 545 506 velint=
569 462 778 529 quamquam
794 462 863 507 non
880 440 943 507 ista
959 440 1148 527 precanda,

61 548 64 565 '
143 549 195 614 sed
209 548 363 615 facienda
383 547 477 611 mihi.
524 547 720 613 Prodamne
736 570 804 636 ego
819 568 928 637 regna
944 548 1111 635 parentis,

142 666 230 740 atque
244 676 308 739 ope
326 653 537 743 nescioquis
554 654 745 719 servabitur
760 656 895 721 advena
912 664 1042 732 nostra,

140 771 173 823 ut
185 781 241 845 per
256 782 310 825 me
326 782 449 846 sospes
466 761 538 825 sine
557 782 610 825 me
626 760 683 826 det
700 760 803 825 lintea
820 762 943 839 ventis,
1144 792 1180 845 40

139 864 245 953 virque
260 866 302 931 sit
318 867 474 942 alterius,
493 888 624 953 poenae
641 866 770 933 Medea
786 866 983 955 relinquar?

81 982 84 987 '
119 980 121 984 '
140 971 165 1035 si
179 972 284 1037 facere
300 960 382 1049 hoc,
401 974 549 1039 aliamve
566 984 676 1060 potest
692 994 904 1059 praeponere
921 973 1033 1049 nobis,

128 1076 260 1144 'occidat
272 1079 445 1167 ingratus.
493 1079 565 1145 Sed
582 1102 650 1145 non
667 1080 697 1145 is
713 1081 827 1146 vultus
842 1079 878 1145 in
893 1080 966 1157 illo,

73 1176 76 1187 ¹
139 1206 199 1250 non
215 1207 253 1251 ea
269 1187 430 1257 nobilitas
446 1186 561 1251 animo
577 1198 642 1261 est,
660 1208 703 1251 ea
719 1186 831 1273 gratia
848 1186 992 1263 formae,

105 1366 107 1369 ¹
139 1301 171 1355 ut
183 1291 314 1359 timeam
330 1293 490 1359 fraudem
508 1292 687 1381 meritique
703 1292 831 1358 oblivia
846 1294 965 1360 nostri.
1144 1324 1179 1381 4⁵

81 1464 83 1466 ,
139 1408 168 1461 et
182 1398 269 1464 dabit
283 1410 362 1465 ante
379 1400 506 1488 fidem,
531 1384 731 1487 cogamque
741 1398 778 1465 in
794 1400 933 1466 foedera
949 1410 1051 1465 testes

51 1546 55 1551 ·
140 1524 207 1569 esse
221 1505 311 1572 deos.
362 1505 462 1591 Qun
477 1516 549 1571 tuta
563 1504 684 1572 timesl
711 1506 907 1595 accingere,
926 1516 960 1572 et
975 1527 1113 1573 omnem

116 1664 117 1667 ,
139 1607 220 1695 pelle
234 1634 386 1679 moram:
413 1614 473 1679 tibi
489 1634 527 1679 se
543 1634 679 1699 semper
695 1614 834 1680 debebit
849 1613 966 1690 I'ason,

120 1752 123 1759 ·
138 1726 168 1781 te
182 1716 251 1785 sace
265 1720 425 1785 sollemni
439 1720 563 1809 junget
579 1719 657 1795 sibi,
675 1740 805 1805 perque
819 1718 988 1807 Pelasgas

139 1824 292 1917 servatrix
307 1828 414 1893 urbes
430 1838 579 1891 matrum
596 1826 817 1893 celebrabere
832 1827 945 1893 turba.
1148 1856 1182 1911 50

180 1930 290 2019 ‘Ergo
302 1954 370 2021 ego
384 1954 588 2021 germanam
600 1932 807 2020 fratremque
818 1945 1018 2022 patremque
1028 1934 1181 2021 deosque

49 2034 58 2107 ¹,
140 2045 169 2101 et
181 2039 287 2103 natale
303 2041 431 2115 solum,
450 2040 560 2105 ventis
576 2040 704 2115 ablata,
722 2038 938 2127 relinquam?

81 2155 85 2163 ¹
139 2162 252 2228 nempe
266 2157 365 2231 pater
382 2166 521 2221 saevus,
539 2166 664 2230 nempe
681 2155 733 2209 est
749 2166 825 2211 mea
841 2136 989 2241 barbqrai
1004 2146 1118 2223 tellus,

112 2262 123 2283 ··
140 2246 362 2317 irateradbuc
378 2250 512 2317 insans=
537 2262 627 2316 stant
644 2271 779 2317 mecum
794 2261 874 2317 rota
891 2242 1034 2327 sorbris3

136 2355 297 2443 maximus
313 2359 404 2423 intra
422 2378 475 2423 me
492 2357 578 2424 deus
595 2367 657 2447 est,
707 2354 789 2423 Non
806 2376 932 2445 magna
949 2358 1162 2445 relinquam

122 2480 257 2551 *magna
271 2485 418 2553 sequar:
442 2464 574 2530 titulum
593 2474 749 2530 servatae
766 2463 866 2550 pubis
881 2462 1053 2539 Achivae,

137 2558 349 2659 notitiamque
367 2571 432 2637 loci
451 2559 612 2646 melioris,
630 2581 663 2637 et
678 2571 820 2656 oppida,
838 2590 984 2656 quorum

51 2659 55 2671 ’
96 2670 99 2681 ’
138 2671 336 2765 hicquoque
351 2678 443 2743 sama
458 2678 565 2765 viget,
583 2678 763 2763 cultusque
780 2689 937 2762 artesque
952 2676 1104 2741 locorum
1117 2698 1126 2749 ς

134 2774 295 2869 ‘quemque
311 2806 380 2873 ego
396 2806 473 2849 cum
491 2785 606 2859 rebus,
625 2803 713 2870 quas
729 2792 818 2847 totus
834 2781 985 2868 possidet
999 2782 1104 2860 orbis,

137 2882 326 2955 Aesoniden
343 2902 493 2957 mutasse
509 2890 626 2967 velim,
643 2911 713 2976 quo
729 2888 877 2977 conjuge
894 2888 977 2955 felix
1140 2904 1178 2959 60

138 3004 171 3057 et·
181 2996 230 3062 dis
246 3020 325 3064 cara
341 3000 444 3076 ferar,
463 3010 498 3065 et
512 3000 638 3065 vertice
655 2998 768 3065 sidera
785 3009 939 3085 tangam.

179 3100 303 3186 ‘Quid
321 3106 414 3193 quod
429 3108 545 3171 nescio
561 3106 619 3194 qui
636 3105 758 3172 mediis
774 3104 947 3169 incurrere
964 3104 998 3167 in
1014 3104 1116 3170 undis

104 3268 107 3275 .
138 3204 284 3275 dicuntur
300 3222 446 3288 montes,
464 3212 659 3299 ratibusque
676 3210 816 3277 inimica
833 3208 1031 3297 Charybdis

67 3364 70 3371 .
136 3315 219 3379 nunc
234 3319 371 3384 sorbere
387 3318 524 3394 fretum,
543 3340 635 3385 nunc
650 3318 809 3393 reddere,
828 3316 1008 3403 cinctaque
1025 3316 1137 3383 saevis
1174 3400 1178 3412 ι

48 3488 49 3495 q
103 3414 246 3503 ·Scylla
262 3444 372 3509 rapax
388 3425 530 3489 canibus
548 3423 666 3489 Siculo
683 3425 807 3489 latrare
824 3421 1016 3509 profundo?
1140 3439 1177 3513 65

48 3572 49 3577 η
136 3544 249 3611 nempe
262 3520 382 3595 tenens
393 3531 484 3616 quod
498 3552 588 3604 amo,
605 3530 804 3617 gremioque
818 3530 851 3594 in
865 3529 998 3594 Iasonis
1012 3529 1173 3603 haerenS,

65 3637 68 3644 ’
136 3650 191 3712 per
205 3634 286 3700 freta
303 3637 409 3723 longa
426 3637 527 3701 ferar.
576 3635 674 3700 Nihil
692 3636 788 3700 illum
806 3637 967 3719 amplexa
982 3632 1148 3708 verebor;

48 3764 55 3823 j
137 3749 200 3812 aut,
215 3740 242 3804 si
257 3743 339 3829 quid
357 3738 520 3817 metuam,
539 3754 688 3805 metuam
705 3747 749 3807 de
766 3741 912 3827 conjuge
929 3740 1015 3803 solo.

125 3837 370 3933 Jconjugiumne
386 3868 502 3923 vocas,
521 3846 745 3931 speciosaque
762 3845 900 3908 nomina
917 3845 1040 3927 culpae

109 3932 112 3939 Δ
137 3938 287 4037 imponis,
305 3952 450 4029 Medea,
467 3951 569 4018 tuae?
593 3952 676 4037 quin
694 3949 823 4031 aspice,
841 3959 1007 4031 quantum
1145 3975 1178 4023 70
