2767 4467
208 345 272 412 114
527 321 598 389 The
626 322 745 404 Cbt'efr
768 332 806 388 at
835 323 872 389 T
866 345 942 412 roy.
1113 341 1257 412 [Menan.

204 530 343 606 totaque
358 519 520 585 Peliacae
536 519 708 584 sternebat
725 519 876 605 cuspidis
892 519 960 584 ictu

206 626 492 713 agmina,perque
504 625 595 690 acies
607 636 665 689 aut
672 625 837 714 Cygnum
850 625 1067 691 autHectora
1076 648 1257 714 quaerens.

250 730 482 818 Congreditur
499 732 647 818 Cygno:
674 731 846 796 decimum
865 731 990 796 dilatus
1007 732 1041 795 in
1059 753 1188 796 annum

206 836 336 902 Hector
352 847 436 901 erat.
484 837 577 902 Tum
595 837 684 901 colla
697 837 784 924 jugo
801 836 983 901 candentia
1000 859 1137 923 pressos

205 945 402 1008 exhortatus
420 965 540 1030 equos,
558 963 695 1007 currum
712 942 838 1007 direxit
852 943 888 1007 in
906 944 1051 1020 hostem,

205 1049 471 1135 concutiensque
488 1049 558 1114 suis
573 1049 742 1114 vibrantia
759 1051 827 1114 tela
843 1048 992 1126 lacertis,

206 1168 215 1196 ‘
231 1154 398 1242 Quisquis
414 1177 463 1232 es,
479 1155 513 1221 Ο
525 1155 686 1244 juvenis,'
702 1154 788 1219 dixit
805 1155 982 1220 ‘solamen
999 1155 1123 1220 habeto
1224 1173 1258 1226 80

206 1263 335 1339 mortis,
354 1263 398 1328 ab
416 1261 611 1328 Haemonio
627 1261 718 1347 quod
736 1261 782 1326 sis
794 1260 973 1349 jugulatus
991 1261 1155 1327 Achille!

206 1369 372 1434 hactenus
387 1367 580 1434 Aeacides:
604 1389 725 1433 vocem
742 1367 858 1454 gravis
876 1369 973 1432 hasta
990 1380 1108 1432 secuta
1125 1379 1187 1434 est.

205 1476 266 1539 sed
282 1496 491 1561 quamquam
509 1485 602 1539 certa
618 1474 732 1538 nullus
749 1473 811 1538 suit
826 1495 920 1539 error
936 1475 970 1538 in
988 1475 1098 1549 hasta,

205 1581 252 1645 nil
269 1593 383 1645 tamen
401 1579 517 1645 emissi
534 1579 679 1665 profecit·
693 1578 851 1644 acumine
869 1579 961 1655 ferri,

204 1697 307 1774 utque
325 1685 436 1752 hebeti
452 1698 572 1772 pectus
587 1686 823 1751 tantummodo
840 1686 992 1752 contudit
1008 1687 1086 1752 ictu.
1224 1707 1255 1777 35

252 1805 261 1834 ⁶
277 1793 369 1859 Nate
385 1794 464 1869 dea,
482 1814 563 1857 nam
579 1802 612 1857 te
629 1791 723 1856 fama
739 1793 1007 1877 praenovimus,'
1024 1793 1135 1880 inquit

204 1900 276 1975 ille,
296 1900 402 1986 ‘quid
419 1920 439 1963 a
455 1899 554 1965 nobis
570 1899 696 1963 vulnus
713 1898 846 1965 miraris
863 1898 1006 1964 abesse?
1019 1899 1028 1927 '
1041 1937 1086 1950 -

204 2005 416 2070 mirabantur
432 2005 525 2070 enim
537 1993 583 2053 -’
597 2016 606 2045 ⁶
622 2002 704 2069 Non
721 2004 821 2081 haec,
840 2025 945 2091 quam
962 2005 1088 2083 cernis,
1107 2008 1241 2094 equinis

203 2111 298 2176 sulva
313 2110 403 2198 jubis
420 2110 540 2185 cassis,
558 2131 669 2197 neque
686 2131 773 2176 onus
790 2131 876 2175 cava
893 2133 1013 2195 parma
1030 2112 1189 2180 sinistrae

204 2217 333 2284 auxilio
350 2217 432 2282 mihi
448 2227 547 2282 sunt:
572 2217 676 2282 decor
692 2227 743 2306 est
758 2217 931 2303 quaesitus
948 2218 992 2283 ab
1008 2218 1102 2294 istis3
1222 2257 1256 2310 90

203 2323 303 2389 Mars
318 2345 454 2411 quoque
470 2324 515 2388 ob
532 2323 598 2389 hoc
610 2343 735 2409 capere
752 2343 847 2388 arma
865 2324 960 2390 solet.
1007 2323 1256 2394 Removebitur

340 2431 441 2519 hujus

202 2538 364 2628 tegminis
382 2537 554 2605 officium:
578 2549 693 2604 tamen
711 2539 927 2608 indestrictus
943 2543 1055 2610 abibo.

204 2659 255 2712 est
271 2648 412 2735 aliquid,
432 2669 500 2712 non
518 2668 594 2712 esse
611 2659 721 2712 saturn
739 2647 905 2726 Nereide,
923 2653 984 2716 sed
1001 2650 1058 2738 qui

203 2752 388 2842 Nereaque
406 2764 439 2819 et
455 2766 552 2820 natas
569 2764 602 2819 et
617 2764 722 2818 totum
741 2765 905 2840 temperet
922 2757 1075 2844 aequor!

250 2860 358 2936 Dixit,
377 2871 410 2925 et
426 2862 610 2924 haesurum
629 2860 730 2944 clipei
748 2863 947 2926 curvamine
963 2864 1068 2927 telum
1222 2893 1255 2952 95

203 2966 296 3031 misit
312 2967 346 3029 in
362 2963 555 3041 Aeaciden,
574 2966 664 3050 quod
682 2978 715 3030 et
731 2988 790 3032 aes
807 2979 840 3032 et
855 2968 1013 3053 proxima
1030 2969 1121 3054 rupit

204 3084 301 3159 terga
319 3091 453 3136 novena
469 3071 588 3147 boum,
603 3072 738 3136 decimo
754 3083 867 3137 tamen
882 3075 964 3139 orbe
977 3086 1148 3140 moratum
1166 3087 1228 3148 est.

204 3177 331 3242 excutit
347 3177 413 3242 hoc
430 3179 543 3253 heros,
562 3199 748 3265 rursusque
764 3178 943 3243 trementia
960 3179 1035 3244 forti

204 3284 271 3348 tela
289 3305 392 3349 manu
407 3283 522 3349 torsit:
538 3305 664 3348 rursus
681 3283 754 3348 sine
770 3285 912 3348 vulnere
930 3306 1052 3370 corpus

205 3389 444 3476 sincerumque
461 3389 541 3464 fuit3
567 3411 631 3454 nec
647 3390 743 3454 tertia
762 3391 875 3474 cuspis
893 3403 1046 3475 apertum
1209 3423 1258 3464 100

205 3507 238 3560 et
253 3517 290 3562 se
306 3497 526 3581 praebentem
542 3495 651 3560 valuit
667 3495 879 3583 destringere
897 3495 1074 3583 Cygnum.

205 3600 297 3664 haud
315 3619 414 3664 secus
430 3599 571 3675 exarsit,
590 3620 693 3684 quarn
711 3600 802 3664 circo
818 3610 934 3664 taurus
952 3612 1083 3685 aperto,

204 3727 283 3770 cum
301 3727 362 3770 sua
378 3705 517 3769 terribili
534 3705 617 3788 petit
632 3703 820 3767 irritamina
836 3725 956 3779 cornu,

202 3811 388 3896 poeniceas
404 3822 528 3884 vestes,
548 3810 710 3894 elusaque
727 3810 870 3874 vulnera
887 3810 1004 3874 sensit.

249 3915 344 3980 Num
361 3925 475 3978 tamen
492 3913 657 3978 exciderit
673 3915 814 3989 serrum,
833 3915 1038 3991 considerat,
1057 3917 1200 3985 hastae:

204 4021 367 4087 haerebat
382 4019 491 4106 ligno.
540 4017 695 4082 ‘Manus
712 4029 762 4082 est
779 4041 855 4084 mea
871 4021 992 4086 debilis
1010 4044 1106 4110 erg0,
