2767 4467
153 303 285 376 IX.176.]
368 289 446 356 The
467 289 644 358 Porkoned
664 289 767 358 Stet
789 293 838 379 of
849 289 997 360 Nessus.
1159 311 1201 384 93

147 481 305 550 flemusi?
320 486 394 554 ait:
421 489 562 576 ‘pellex
577 487 728 555 lacrimis
744 487 925 555 laetabitur
940 487 1024 556 istis.

146 611 228 676 qnae
250 594 424 678 quoniam
449 594 622 672 adveniet,
639 595 909 681 properandum,
927 595 1124 686 aliquidque
1141 620 1202 664 no·

274 702 435 766 vandum
451 712 517 778 est,
1152 735 1199 792 ¹45

144 801 221 868 dum
237 805 332 884 licet,
352 819 389 874 et
405 809 560 874 nondum
575 809 748 876 thalamos
763 818 856 876 tenet
872 808 980 876 altera
996 819 1141 878 nostros.

141 930 348 999 conquerar,
368 936 413 980 an
431 913 576 982 sileam?
598 927 752 1003 repetam
769 914 967 1004 Calydona,
986 915 1166 984 morerne?

141 1018 308 1085 excedam
325 1021 451 1088 tectis?
474 1042 533 1100 an,
551 1022 580 1088 si
595 1022 682 1088 nihil
699 1023 860 1109 amplius,
878 1021 1033 1090 obstem?

138 1122 264 1210 quidsi
282 1149 357 1205 me,
379 1127 573 1219 Meleagre,
591 1140 686 1195 tuam
704 1150 836 1195 memor
851 1149 928 1196 esse
944 1150 1097 1196 sororem

139 1228 222 1295 sorte
238 1254 329 1318 paro
347 1234 497 1313 facinus,
515 1247 750 1325 quantumque
766 1235 892 1326 injuria
907 1235 1016 1324 possit
1151 1267 1201 1324 150

137 1333 385 1430 femineusque
401 1342 511 1419 dolor,
525 1343 684 1432 jugulata
701 1340 825 1430 pellice
841 1341 984 1410 testor?’

181 1443 356 1514 Incussus
374 1448 508 1515 animus
524 1449 637 1516 varios
652 1449 777 1516 habet:
801 1449 961 1518 omnibus
976 1447 1044 1518 illis

135 1557 302 1638 praetulit
318 1557 488 1624 imbutam
504 1556 641 1625 Nesseo
656 1557 828 1648 sanguine
844 1570 975 1624 vestem

137 1660 287 1743 mittere,
306 1688 398 1755 quae
414 1667 506 1733 vires
521 1667 655 1734 desecto
671 1667 794 1733 reddat
809 1666 927 1734 amori.

137 1767 336 1890 ignaroque
353 1773 500 1852 Lichae,
517 1774 601 1863 quid
616 1774 729 1841 tradat
744 1773 875 1851 nescia,
893 1774 1004 1842 luctus
1150 1801 1198 1862 ¹55

138 1897 216 1963 rpsa
233 1904 319 1949 suos
335 1883 449 1959 tradit,
467 1881 671 1970 blandisque
687 1881 880 1949 miserrima
895 1881 1024 1960 verbis,
1229 1887 1233 1894 '

138 1985 232 2054 dona
251 1992 311 2057 det
324 1989 433 2057 illa
401 2012 488 2067 vrro,
505 1992 656 2057 mandat
704 1989 832 2076 Capit
822 1991 951 2058 inscius
967 1992 1082 2070 heros,

89 2111 94 2131 ⁶
138 2092 362 2187 induiturque
380 2098 532 2165 humeris
547 2097 728 2165 Lernaeae
746 2099 839 2165 virus
855 2099 1037 2165 echidnae.
1062 2139 1070 2162 r

184 2202 286 2271 Tura
302 2205 407 2271 dabat
422 2205 541 2292 primis
558 2217 593 2272 et
608 2206 713 2272 verba
731 2206 907 2292 precantia
923 2205 1083 2286 flammis,

139 2307 294 2398 vinaque
309 2332 521 2378 marmoreas
537 2325 656 2398 patera
672 2311 837 2379 fundebat
853 2312 888 2378 in
905 2333 1005 2379 aras:
1148 2330 1199 2401 ¹⁶0.

141 2412 286 2484 incaluit
301 2417 355 2485 vis
370 2417 431 2483 illa
447 2418 542 2496 mali,
560 2419 778 2506 resolutaque
795 2418 944 2486 flammis

142 2519 339 2591 Herculeos
356 2525 441 2591 abiit
455 2525 523 2591 late
538 2525 665 2592 diffusa
681 2548 743 2612 per
759 2537 864 2592 artus.

139 2630 224 2704 dum
241 2631 362 2719 potuit,
382 2632 481 2698 solita
498 2633 664 2721 gemitum
680 2633 802 2698 virtute
819 2631 1001 2717 repressit3

142 2738 232 2803 victa
248 2739 350 2805 malis
367 2750 547 2825 postquam
563 2750 615 2805 est
630 2737 809 2826 patientia,
827 2738 977 2824 reppulit
993 2759 1083 2816 aras,

141 2842 364 2934 implevitque
381 2845 452 2911 suis
470 2867 687 2912 nemorosum
706 2843 848 2910 vocibus
863 2843 987 2910 Oeten.
1146 2864 1195 2936 ¹⁶3

142 2972 207 3018 nec
223 2974 333 3029 mora,
351 2951 521 3018 letiferam
537 2963 680 3017 conatur
698 2951 854 3018 scindere
870 2964 1021 3018 vestem:

140 3078 207 3145 qua
224 3059 383 3136 trahitur,
401 3056 504 3124 trahit
519 3058 579 3122 illa
596 3068 722 3134 cutem,
741 3057 948 3145 foedumque
963 3060 1088 3137 relatu,

140 3175 199 3228 aut
213 3165 332 3230 haeret
349 3164 511 3230 membris
529 3164 654 3230 frustra
669 3174 834 3250 temptata
850 3165 981 3242 revelli,

140 3282 198 3336 aut
213 3271 348 3338 laceros
365 3282 459 3336 artus
474 3283 509 3336 et
524 3270 671 3359 grandia
687 3271 815 3359 detegit
830 3291 921 3336 ossa.

139 3375 212 3462 ipse
228 3398 345 3453 cruor,
364 3377 482 3465 gelido
498 3397 561 3443 ceu
576 3376 752 3463 quondam
769 3377 898 3441 lamina
914 3378 1067 3444 candens
1145 3407 1195 3490 170

137 3483 241 3550 tincta
257 3486 351 3560 lacu,
372 3483 495 3559 stridit,
513 3483 736 3570 coquiturque
754 3484 893 3550 ardente
909 3505 1055 3548 veneno.

181 3589 260 3656 Nec
277 3590 403 3656 modus
416 3601 488 3654 est:
505 3590 644 3655 sorbent
659 3589 782 3655 avidae
799 3589 1000 3675 praecordia
1016 3588 1190 3666 flammae,

136 3700 388 3785 caeruleusque
405 3697 480 3762 fluit
495 3707 563 3762 toto
580 3698 623 3764 de
640 3718 782 3782 corpore
799 3696 916 3770 sudor,

137 3804 355 3892 ambustique
372 3815 497 3870 sonant
512 3803 621 3879 nervi,
640 3823 813 3889 caecaque
831 3798 990 3865 medullis

136 3912 212 3977 tabe
228 3909 427 3998 liquefactis
441 3909 585 3974 tendens
602 3909 647 3972 ad
664 3908 777 3972 sidera
795 3905 944 3991 palmas,
1144 3931 1191 3987 ¹75

138 4015 350 4084 ‘Cladibus’
366 4014 552 4089 exclamat,
571 4011 771 4084 ‘Saturnia‚
790 4026 933 4092 pascere
949 4007 1093 4068 nostrisz
