2767 4467
126 259 191 314 xv.
206 259 283 331 834]
392 241 544 338 Jupiter
552 239 721 328 soretells
742 240 797 306 lui
825 240 948 331 Glory.
1120 259 1180 330 151

127 455 163 520 in
178 456 348 542 templum
364 455 497 544 gladii;
521 475 634 542 neque
649 453 743 521 enim
758 453 855 524 locus
871 455 962 522 ullus
977 453 1014 522 in
1030 454 1128 524 Urbe

130 562 174 627 ad
189 561 326 645 facinus
342 563 523 648 diramque
538 548 664 648 placet,
682 560 747 629 nisi
762 561 872 639 curia,
890 561 1046 628 caedem.

10 680 11 703 ¹
129 678 202 732 tum
218 689 302 732 vero
317 667 495 755 Cytherea
512 689 617 733 manu
633 667 802 752 percussit
817 678 961 755 utraque

10 765 11 794 ¹
130 785 266 860 pectus,
284 785 318 839 et
333 774 487 840 aetheria
503 774 641 850 molitur
656 771 805 842 condere
821 773 926 849 nube,

131 902 201 967 qua
217 881 313 966 prius
328 879 453 959 infesto
468 879 567 947 Paris
583 891 635 946 est
649 890 786 965 ereptus
801 876 961 959 Atridae,
1132 899 1183 972 8⁰5

134 998 167 1051 et
181 987 394 1053 Diomedeos
410 985 551 1063 Aeneas
565 985 703 1075 fugerat
714 1005 830 1055 enses.

177 1092 327 1174 Talibus
342 1095 439 1169 hanc·
448 1093 586 1182 genitor
595 1115 604 1156 t
630 1102 639 1134 ⁶
655 1092 740 1158 Sola
757 1093 989 1180 insuperabile
1005 1095 1126 1175 satum,

135 1213 228 1276 nata,
247 1222 387 1266 movere
403 1198 528 1286 paras?
550 1199 656 1267 intres
672 1198 753 1266 licet
768 1199 845 1287 ipsa
860 1223 1014 1270 sororum

133 1318 225 1373 tecta
239 1306 364 1372 triuml
387 1328 509 1386 cernes
523 1305 595 1372 illic
611 1304 788 1374 molimine
804 1319 900 1376 vasto

134 1434 181 1479 ex
196 1434 278 1479 aere
294 1424 328 1479 et
342 1413 453 1480 solido
467 1433 581 1479 rerum
596 1411 766 1479 tabularia
781 1413 885 1493 ferro,
1134 1433 1187 1488 810

134 1541 226 1608 quae
243 1541 355 1607 neque
371 1508 577 1594 cbncursum
593 1518 695 1594 caeli,
713 1541 825 1608 neque
840 1522 992 1590 fulminis
1008 1521 1109 1602 iram,

133 1648 203 1692 nec
218 1636 375 1692 metuunt
389 1627 479 1705 ullas
493 1635 566 1690 tuta
582 1635 684 1711 atque
701 1639 838 1693 aeterna
853 1630 982 1697 ruinas.

132 1732 294 1798 invenies
308 1732 380 1799 illic
396 1732 506 1798 incisa
517 1730 712 1827 adamante·
723 1735 866 1819 perenni
920 1763 921 1770 ¹

133 1842 210 1906 sata
224 1839 274 1905 tui
289 1839 449 1928 generis:
473 1837 544 1926 legi
561 1837 634 1923 ipse
651 1839 834 1928 animoque
851 1841 981 1920 notavi,

135 1958 173 2013 et
188 1947 350 2024 referam,
367 1964 413 2022 ne
428 1944 475 2010 sis
492 1945 679 2012 etiamnum
696 1947 819 2034 ignara
835 1948 950 2014 futuri.
1138 1965 1188 2035 815

187 2063 197 2094 ‘
213 2052 283 2119 Hic
298 2073 361 2118 sua
376 2051 574 2138 complevit,
592 2073 750 2140 proquo,
767 2053 954 2142 Cytherea,
972 2055 1123 2132 laboras,

136 2171 297 2246 tempora
311 2157 472 2244 perfectis
487 2180 574 2245 qnos
590 2170 700 2226 terrae
717 2161 833 2228 debuit
847 2162 960 2228 annis.

137 2278 178 2333 ut
194 2267 280 2332 deus
296 2265 439 2339 accedat
455 2266 551 2332 caelo
568 2266 771 2353 templisque
788 2269 930 2344 locetur,

137 2386 178 2441 tu
193 2371 301 2438 iacies
316 2383 485 2458 natusque
502 2393 597 2448 suus,
615 2371 674 2459 qui
691 2372 838 2440 nominis
856 2374 979 2440 haeres

138 2479 339 2567 impositum
355 2479 440 2544 feret
455 2500 547 2544 uuus
561 2500 662 2555 onus,
680 2479 865 2568 caedisque
881 2480 1033 2566 parentis
1141 2497 1195 2550 820

139 2611 205 2654 nos
220 2587 257 2652 in
274 2586 365 2652 bella
381 2607 464 2651 suos
473 2583 681 2652 fortissimus
699 2586 787 2652 ultor
802 2586 954 2652 habebit.
1025 2589 1027 2593 ’

139 2695 233 2760 illius
250 2691 412 2778 auspiciis
428 2692 590 2758 obsessae
605 2691 742 2758 moenia
758 2713 880 2778 pacem

139 2803 232 2869 vieta
247 2811 367 2888 petunt
382 2798 562 2876 Mutinae;
587 2797 767 2864 Pharsalia
783 2798 904 2864 sentiet
920 2798 1038 2874 illum;

141 2909 373 2998 Emathiaque
389 2908 512 2993 iterum
529 2905 714 2971 madefient
730 2905 837 2970 caede
853 2903 1025 2992 Philippi3

141 3028 176 3084 et
191 3038 361 3104 magnum
377 3013 504 3082 Siculis
520 3033 649 3080 nomeu
663 3011 878 3097 superabitur
892 3012 1016 3086 undis;
1144 3029 1194 3097 825

142 3122 365 3210 Romanique
381 3122 479 3188 ducis
495 3120 647 3208 conjunx
664 3117 841 3205 Aegyptia
856 3118 979 3183 taedae

143 3252 213 3296 non
229 3231 319 3295 bene
335 3229 398 3294 fisa
414 3228 535 3294 cadetz
560 3222 753 3313 frustraque
771 3223 834 3289 erit
849 3223 908 3288 illa
925 3223 1067 3302 minata,

144 3336 313 3402 servitura
328 3357 391 3400 suo
406 3332 578 3420 Capitolia
594 3344 710 3398 nostra
730 3330 889 3414 Canopo.

192 3440 315 3525 ‘Quid
331 3441 390 3506 tibi
406 3440 612 3514 barbariem,
631 3448 752 3526 gentes
771 3438 814 3502 ab
831 3447 973 3523 utroque
987 3436 1142 3526 jacentes

147 3548 290 3615 Oceano
306 3544 505 3612 numerem?
531 3544 787 3630 Quodcumque
805 3543 992 3610 habitabile
1010 3545 1111 3608 tellus
1147 3561 1199 3627 830

147 3655 302 3728 sustinet,
320 3651 422 3738 hujus
438 3650 520 3724 erit3
544 3661 669 3735 pontus
684 3670 820 3735 quoque
837 3649 961 3716 serviet
978 3649 1039 3714 illi.

147 3781 233 3846 pace
250 3759 330 3822 data
346 3755 457 3831 terris,
476 3740 628 3820 animum
645 3755 691 3821 ad
707 3753 821 3818 civilia
837 3765 944 3820 vertet

147 3865 222 3956 jura
238 3884 354 3939 suum,
372 3861 537 3948 legesque
553 3861 637 3926 seret
649 3859 858 3948 justissimus
875 3872 1013 3924 auctor:

149 3970 378 4055 exemploque
394 3988 456 4032 suo
473 3988 585 4057 mores
601 3974 711 4049 reget,
729 3963 833 4046 inque
849 3965 954 4026 futuri
