<?xml version="1.0" encoding="UTF-8"?>
<!DOCTYPE html PUBLIC "-//W3C//DTD XHTML 1.0 Transitional//EN"
    "http://www.w3.org/TR/xhtml1/DTD/xhtml1-transitional.dtd">
<html xmlns="http://www.w3.org/1999/xhtml" xml:lang="en" lang="en">
 <head>
  <title>
</title>
<meta http-equiv="Content-Type" content="text/html;charset=utf-8" />
  <meta name='ocr-system' content='tesseract 3.04.00' />
  <meta name='ocr-capabilities' content='ocr_page ocr_carea ocr_par ocr_line ocrx_word'/>
</head>
<body>
  <div class='ocr_page' id='page_1' title='image "./poemataquaedame01ovidgoog_0033.png"; bbox 0 0 2767 4467; ppageno 0'>
   <div class='ocr_carea' id='block_1_1' title="bbox 86 266 1146 370">
    <p class='ocr_par' dir='ltr' id='par_1_1' title="bbox 86 266 1146 370">
     <span class='ocr_line' id='line_1_1' title="bbox 86 266 1146 370; baseline 0 -23"><span class='ocrx_word' id='word_1_1' title='bbox 86 293 204 365; x_wconf 84' lang='lat'>11.40.]</span> <span class='ocrx_word' id='word_1_2' title='bbox 426 266 557 345; x_wconf 78' lang='lat' dir='ltr'>Palace</span> <span class='ocrx_word' id='word_1_3' title='bbox 579 278 628 364; x_wconf 88' lang='lat' dir='ltr'>of</span> <span class='ocrx_word' id='word_1_4' title='bbox 639 277 696 344; x_wconf 78' lang='lat' dir='ltr'>the</span> <span class='ocrx_word' id='word_1_5' title='bbox 719 276 809 345; x_wconf 79' lang='lat' dir='ltr'>Suu.</span> <span class='ocrx_word' id='word_1_6' title='bbox 1102 300 1146 370; x_wconf 92' lang='lat'>19</span> 
     </span>
    </p>
   </div>
   <div class='ocr_carea' id='block_1_2' title="bbox 82 473 1144 4078">
    <p class='ocr_par' dir='ltr' id='par_1_2' title="bbox 83 473 1093 563">
     <span class='ocr_line' id='line_1_2' title="bbox 83 473 1093 563; baseline 0.004 -26"><span class='ocrx_word' id='word_1_7' title='bbox 83 483 323 562; x_wconf 90' lang='lat' dir='ltr'>terrarumque</span> <span class='ocrx_word' id='word_1_8' title='bbox 340 473 472 551; x_wconf 88' lang='lat' dir='ltr'>orbem,</span> <span class='ocrx_word' id='word_1_9' title='bbox 491 475 709 562; x_wconf 88' lang='lat' dir='ltr'>caelumque,</span> <span class='ocrx_word' id='word_1_10' title='bbox 727 476 819 563; x_wconf 90' lang='lat' dir='ltr'>quod</span> <span class='ocrx_word' id='word_1_11' title='bbox 835 475 992 543; x_wconf 85' lang='lat' dir='ltr'>imminet</span> <span class='ocrx_word' id='word_1_12' title='bbox 1007 476 1093 543; x_wconf 89' lang='lat' dir='ltr'>orbi.</span> 
     </span>
    </p>

    <p class='ocr_par' dir='ltr' id='par_1_3' title="bbox 84 582 967 658">
     <span class='ocr_line' id='line_1_3' title="bbox 84 582 967 658; baseline 0.005 -15"><span class='ocrx_word' id='word_1_13' title='bbox 84 582 264 647; x_wconf 88' lang='lat' dir='ltr'>caeruleos</span> <span class='ocrx_word' id='word_1_14' title='bbox 281 582 389 646; x_wconf 89' lang='lat' dir='ltr'>habet</span> <span class='ocrx_word' id='word_1_15' title='bbox 404 582 496 646; x_wconf 90' lang='lat' dir='ltr'>unda</span> <span class='ocrx_word' id='word_1_16' title='bbox 512 582 609 658; x_wconf 90' lang='lat' dir='ltr'>deos,</span> <span class='ocrx_word' id='word_1_17' title='bbox 626 582 771 649; x_wconf 84' lang='lat' dir='ltr'>Tritona</span> <span class='ocrx_word' id='word_1_18' title='bbox 788 604 967 657; x_wconf 90' lang='lat' dir='ltr'>canorum,</span> 
     </span>
    </p>

    <p class='ocr_par' dir='ltr' id='par_1_4' title="bbox 83 686 1056 777">
     <span class='ocr_line' id='line_1_4' title="bbox 83 686 1056 777; baseline 0.007 -27"><span class='ocrx_word' id='word_1_19' title='bbox 83 686 278 775; x_wconf 86' lang='lat' dir='ltr'>Proteaque</span> <span class='ocrx_word' id='word_1_20' title='bbox 297 687 514 775; x_wconf 86' lang='lat' dir='ltr'>ambiguum,</span> <span class='ocrx_word' id='word_1_21' title='bbox 532 690 827 777; x_wconf 84' lang='lat' dir='ltr'><strong>balaenarumque</strong></span> <span class='ocrx_word' id='word_1_22' title='bbox 843 699 1056 775; x_wconf 83' lang='lat' dir='ltr'>prementem</span> 
     </span>
    </p>

    <p class='ocr_par' dir='ltr' id='par_1_5' title="bbox 83 791 1143 882">
     <span class='ocr_line' id='line_1_5' title="bbox 83 791 1143 882; baseline 0.005 -25"><span class='ocrx_word' id='word_1_23' title='bbox 83 791 279 882; x_wconf 88' lang='lat' dir='ltr'>Aegaeona</span> <span class='ocrx_word' id='word_1_24' title='bbox 297 794 369 859; x_wconf 90' lang='lat' dir='ltr'>suis</span> <span class='ocrx_word' id='word_1_25' title='bbox 386 795 549 859; x_wconf 87' lang='lat' dir='ltr'>immania</span> <span class='ocrx_word' id='word_1_26' title='bbox 565 806 663 882; x_wconf 89' lang='lat' dir='ltr'>terga</span> <span class='ocrx_word' id='word_1_27' title='bbox 680 796 827 873; x_wconf 89' lang='lat' dir='ltr'>lacertis,</span> <span class='ocrx_word' id='word_1_28' title='bbox 1109 829 1143 871; x_wconf 71' lang='grc' dir='ltr'>ιο</span> 
     </span>
    </p>

    <p class='ocr_par' dir='ltr' id='par_1_6' title="bbox 85 900 1004 988">
     <span class='ocr_line' id='line_1_6' title="bbox 85 900 1004 988; baseline 0.004 -23"><span class='ocrx_word' id='word_1_29' title='bbox 85 900 288 987; x_wconf 90' lang='lat' dir='ltr'>Doridaque</span> <span class='ocrx_word' id='word_1_30' title='bbox 306 911 339 965; x_wconf 89' lang='lat' dir='ltr'>et</span> <span class='ocrx_word' id='word_1_31' title='bbox 355 912 474 977; x_wconf 87' lang='lat' dir='ltr'>natas;</span> <span class='ocrx_word' id='word_1_32' title='bbox 498 922 643 988; x_wconf 89' lang='lat' dir='ltr'>quarum</span> <span class='ocrx_word' id='word_1_33' title='bbox 661 922 742 987; x_wconf 87' lang='lat' dir='ltr'>pars</span> <span class='ocrx_word' id='word_1_34' title='bbox 759 922 842 968; x_wconf 91' lang='lat' dir='ltr'>nare</span> <span class='ocrx_word' id='word_1_35' title='bbox 858 902 1004 981; x_wconf 89' lang='lat' dir='ltr'>videtur,</span> 
     </span>
    </p>

    <p class='ocr_par' dir='ltr' id='par_1_7' title="bbox 83 1000 933 1095">
     <span class='ocr_line' id='line_1_7' title="bbox 83 1000 933 1095; baseline 0.007 -25"><span class='ocrx_word' id='word_1_36' title='bbox 83 1028 164 1093; x_wconf 89' lang='lat' dir='ltr'>pars</span> <span class='ocrx_word' id='word_1_37' title='bbox 182 1008 219 1071; x_wconf 90' lang='lat' dir='ltr'>in</span> <span class='ocrx_word' id='word_1_38' title='bbox 238 1000 331 1073; x_wconf 83' lang='lat' dir='ltr'>mole</span> <span class='ocrx_word' id='word_1_39' title='bbox 345 1007 469 1073; x_wconf 87' lang='lat' dir='ltr'>sedens</span> <span class='ocrx_word' id='word_1_40' title='bbox 485 1007 611 1073; x_wconf 91' lang='lat' dir='ltr'>virides</span> <span class='ocrx_word' id='word_1_41' title='bbox 628 1008 760 1073; x_wconf 89' lang='lat' dir='ltr'>siccare</span> <span class='ocrx_word' id='word_1_42' title='bbox 777 1008 933 1095; x_wconf 83' lang='lat' dir='ltr'><strong>capillos,</strong></span> 
     </span>
    </p>

    <p class='ocr_par' dir='ltr' id='par_1_8' title="bbox 84 1112 982 1200">
     <span class='ocr_line' id='line_1_8' title="bbox 84 1112 982 1200; baseline 0.007 -25"><span class='ocrx_word' id='word_1_43' title='bbox 84 1113 180 1198; x_wconf 88' lang='lat' dir='ltr'>pisce</span> <span class='ocrx_word' id='word_1_44' title='bbox 197 1112 279 1177; x_wconf 91' lang='lat' dir='ltr'>vehi</span> <span class='ocrx_word' id='word_1_45' title='bbox 295 1114 487 1200; x_wconf 83' lang='lat' dir='ltr'>quaedam:</span> <span class='ocrx_word' id='word_1_46' title='bbox 513 1112 620 1179; x_wconf 86' lang='lat' dir='ltr'>facies</span> <span class='ocrx_word' id='word_1_47' title='bbox 637 1134 708 1178; x_wconf 91' lang='lat' dir='ltr'>non</span> <span class='ocrx_word' id='word_1_48' title='bbox 724 1115 884 1181; x_wconf 90' lang='lat' dir='ltr'>omnibus</span> <span class='ocrx_word' id='word_1_49' title='bbox 899 1136 982 1192; x_wconf 89' lang='lat' dir='ltr'>una,</span> 
     </span>
    </p>

    <p class='ocr_par' dir='ltr' id='par_1_9' title="bbox 83 1218 998 1307">
     <span class='ocr_line' id='line_1_9' title="bbox 83 1218 998 1307; baseline 0.003 -24"><span class='ocrx_word' id='word_1_50' title='bbox 83 1240 149 1285; x_wconf 88' lang='lat' dir='ltr'>nec</span> <span class='ocrx_word' id='word_1_51' title='bbox 166 1218 306 1285; x_wconf 90' lang='lat' dir='ltr'>diversa</span> <span class='ocrx_word' id='word_1_52' title='bbox 323 1228 450 1296; x_wconf 88' lang='lat' dir='ltr'>tamen,</span> <span class='ocrx_word' id='word_1_53' title='bbox 468 1220 607 1307; x_wconf 90' lang='lat' dir='ltr'>qualem</span> <span class='ocrx_word' id='word_1_54' title='bbox 624 1220 724 1285; x_wconf 91' lang='lat' dir='ltr'>decet</span> <span class='ocrx_word' id='word_1_55' title='bbox 740 1241 815 1287; x_wconf 90' lang='lat' dir='ltr'>esse</span> <span class='ocrx_word' id='word_1_56' title='bbox 831 1243 998 1288; x_wconf 90' lang='lat' dir='ltr'>sororum.</span> 
     </span>
    </p>

    <p class='ocr_par' dir='ltr' id='par_1_10' title="bbox 82 1326 1141 1418">
     <span class='ocr_line' id='line_1_10' title="bbox 82 1326 1141 1418; baseline 0.004 -27"><span class='ocrx_word' id='word_1_57' title='bbox 82 1337 176 1392; x_wconf 90' lang='lat' dir='ltr'>terra</span> <span class='ocrx_word' id='word_1_58' title='bbox 192 1326 287 1392; x_wconf 89' lang='lat' dir='ltr'>viros</span> <span class='ocrx_word' id='word_1_59' title='bbox 303 1326 473 1414; x_wconf 89' lang='lat' dir='ltr'>urbesque</span> <span class='ocrx_word' id='word_1_60' title='bbox 489 1326 592 1414; x_wconf 88' lang='lat' dir='ltr'>gerit,</span> <span class='ocrx_word' id='word_1_61' title='bbox 611 1326 783 1416; x_wconf 88' lang='lat' dir='ltr'>silvasque</span> <span class='ocrx_word' id='word_1_62' title='bbox 799 1328 969 1417; x_wconf 85' lang='lat' dir='ltr'>serasque,</span> <span class='ocrx_word' id='word_1_63' title='bbox 1109 1358 1141 1418; x_wconf 83' lang='lat'>15</span> 
     </span>
    </p>

    <p class='ocr_par' dir='ltr' id='par_1_11' title="bbox 82 1432 992 1519">
     <span class='ocr_line' id='line_1_11' title="bbox 82 1432 992 1519; baseline 0.003 -23"><span class='ocrx_word' id='word_1_64' title='bbox 82 1432 300 1519; x_wconf 91' lang='lat' dir='ltr'>fluminaque</span> <span class='ocrx_word' id='word_1_65' title='bbox 318 1443 351 1497; x_wconf 89' lang='lat' dir='ltr'>et</span> <span class='ocrx_word' id='word_1_66' title='bbox 366 1433 538 1519; x_wconf 89' lang='lat' dir='ltr'>nymphas</span> <span class='ocrx_word' id='word_1_67' title='bbox 555 1443 588 1497; x_wconf 90' lang='lat' dir='ltr'>et</span> <span class='ocrx_word' id='word_1_68' title='bbox 605 1443 718 1498; x_wconf 89' lang='lat' dir='ltr'>cetera</span> <span class='ocrx_word' id='word_1_69' title='bbox 734 1434 875 1501; x_wconf 88' lang='lat' dir='ltr'>numina</span> <span class='ocrx_word' id='word_1_70' title='bbox 890 1438 992 1501; x_wconf 88' lang='lat' dir='ltr'>ruris.</span> 
     </span>
    </p>

    <p class='ocr_par' dir='ltr' id='par_1_12' title="bbox 83 1538 970 1630">
     <span class='ocr_line' id='line_1_12' title="bbox 83 1538 970 1630; baseline 0.006 -27"><span class='ocrx_word' id='word_1_71' title='bbox 83 1540 175 1604; x_wconf 91' lang='lat' dir='ltr'>haec</span> <span class='ocrx_word' id='word_1_72' title='bbox 191 1538 472 1625; x_wconf 89' lang='lat' dir='ltr'>superimposita</span> <span class='ocrx_word' id='word_1_73' title='bbox 488 1549 540 1604; x_wconf 89' lang='lat' dir='ltr'>est</span> <span class='ocrx_word' id='word_1_74' title='bbox 555 1538 643 1604; x_wconf 90' lang='lat' dir='ltr'>caeli</span> <span class='ocrx_word' id='word_1_75' title='bbox 661 1540 824 1629; x_wconf 88' lang='lat' dir='ltr'>fulgentis</span> <span class='ocrx_word' id='word_1_76' title='bbox 839 1542 970 1630; x_wconf 87' lang='lat' dir='ltr'>imago,</span> 
     </span>
    </p>

    <p class='ocr_par' dir='ltr' id='par_1_13' title="bbox 84 1645 1038 1841">
     <span class='ocr_line' id='line_1_13' title="bbox 84 1645 1038 1735; baseline 0.001 -23"><span class='ocrx_word' id='word_1_77' title='bbox 84 1647 259 1733; x_wconf 87' lang='lat' dir='ltr'>signaque</span> <span class='ocrx_word' id='word_1_78' title='bbox 275 1666 338 1712; x_wconf 88' lang='lat' dir='ltr'>sex</span> <span class='ocrx_word' id='word_1_79' title='bbox 355 1645 483 1712; x_wconf 81' lang='lat' dir='ltr'>foribus</span> <span class='ocrx_word' id='word_1_80' title='bbox 499 1645 641 1722; x_wconf 86' lang='lat' dir='ltr'>dextris,</span> <span class='ocrx_word' id='word_1_81' title='bbox 658 1649 866 1735; x_wconf 90' lang='lat' dir='ltr'>totidemque</span> <span class='ocrx_word' id='word_1_82' title='bbox 882 1648 1038 1715; x_wconf 81' lang='lat' dir='ltr'>sinistris.</span> 
     </span>
     <span class='ocr_line' id='line_1_14' title="bbox 130 1751 961 1841; baseline 0.004 -23"><span class='ocrx_word' id='word_1_83' title='bbox 130 1753 217 1839; x_wconf 80' lang='lat' dir='ltr'>Qo</span> <span class='ocrx_word' id='word_1_84' title='bbox 234 1753 336 1818; x_wconf 92' lang='lat' dir='ltr'>simul</span> <span class='ocrx_word' id='word_1_85' title='bbox 353 1752 485 1817; x_wconf 90' lang='lat' dir='ltr'><strong>acclivo</strong></span> <span class='ocrx_word' id='word_1_86' title='bbox 502 1751 708 1841; x_wconf 90' lang='lat' dir='ltr'>Clymeneia</span> <span class='ocrx_word' id='word_1_87' title='bbox 724 1754 831 1820; x_wconf 91' lang='lat' dir='ltr'>limite</span> <span class='ocrx_word' id='word_1_88' title='bbox 847 1756 961 1841; x_wconf 87' lang='lat' dir='ltr'>proles</span> 
     </span>
    </p>

    <p class='ocr_par' dir='ltr' id='par_1_14' title="bbox 82 1858 842 1948">
     <span class='ocr_line' id='line_1_15' title="bbox 82 1858 842 1948; baseline 0.003 -23"><span class='ocrx_word' id='word_1_89' title='bbox 82 1861 195 1936; x_wconf 91' lang='lat' dir='ltr'>venit,</span> <span class='ocrx_word' id='word_1_90' title='bbox 214 1869 247 1924; x_wconf 88' lang='lat' dir='ltr'>et</span> <span class='ocrx_word' id='word_1_91' title='bbox 262 1858 399 1924; x_wconf 89' lang='lat' dir='ltr'>intravit</span> <span class='ocrx_word' id='word_1_92' title='bbox 414 1858 556 1924; x_wconf 88' lang='lat' dir='ltr'>dubitati</span> <span class='ocrx_word' id='word_1_93' title='bbox 572 1871 660 1926; x_wconf 88' lang='lat' dir='ltr'>tecta</span> <span class='ocrx_word' id='word_1_94' title='bbox 677 1862 842 1948; x_wconf 87' lang='lat' dir='ltr'>parentis,</span> 
     </span>
    </p>

    <p class='ocr_par' dir='ltr' id='par_1_15' title="bbox 85 1965 915 2056">
     <span class='ocr_line' id='line_1_16' title="bbox 85 1965 915 2056; baseline 0.004 -25"><span class='ocrx_word' id='word_1_95' title='bbox 85 1968 244 2053; x_wconf 90' lang='lat' dir='ltr'>protinus</span> <span class='ocrx_word' id='word_1_96' title='bbox 260 1967 304 2031; x_wconf 93' lang='lat' dir='ltr'>ad</span> <span class='ocrx_word' id='word_1_97' title='bbox 322 1965 449 2052; x_wconf 88' lang='lat' dir='ltr'>patrios</span> <span class='ocrx_word' id='word_1_98' title='bbox 466 1987 528 2031; x_wconf 92' lang='lat' dir='ltr'>sua</span> <span class='ocrx_word' id='word_1_99' title='bbox 544 1966 608 2032; x_wconf 86' lang='lat' dir='ltr'>sert</span> <span class='ocrx_word' id='word_1_100' title='bbox 623 1968 771 2056; x_wconf 89' lang='lat' dir='ltr'>vestigia</span> <span class='ocrx_word' id='word_1_101' title='bbox 788 1969 915 2046; x_wconf 88' lang='lat' dir='ltr'>vultus,</span> 
     </span>
    </p>

    <p class='ocr_par' dir='ltr' id='par_1_16' title="bbox 85 2072 1037 2161">
     <span class='ocr_line' id='line_1_17' title="bbox 85 2072 1037 2161; baseline 0.001 -22"><span class='ocrx_word' id='word_1_102' title='bbox 85 2072 309 2160; x_wconf 87' lang='lat' dir='ltr'>consistitque</span> <span class='ocrx_word' id='word_1_103' title='bbox 327 2073 467 2157; x_wconf 85' lang='lat' dir='ltr'>procul:</span> <span class='ocrx_word' id='word_1_104' title='bbox 492 2093 604 2160; x_wconf 92' lang='lat' dir='ltr'>neque</span> <span class='ocrx_word' id='word_1_105' title='bbox 620 2073 713 2139; x_wconf 88' lang='lat' dir='ltr'>enim</span> <span class='ocrx_word' id='word_1_106' title='bbox 729 2073 890 2161; x_wconf 88' lang='lat' dir='ltr'>propiora</span> <span class='ocrx_word' id='word_1_107' title='bbox 905 2074 1037 2141; x_wconf 82' lang='lat' dir='ltr'>serebat</span> 
     </span>
    </p>

    <p class='ocr_par' dir='ltr' id='par_1_17' title="bbox 86 2176 880 2264">
     <span class='ocr_line' id='line_1_18' title="bbox 86 2176 880 2264; baseline 0.003 -19"><span class='ocrx_word' id='word_1_108' title='bbox 86 2180 233 2245; x_wconf 88' lang='lat' dir='ltr'>lumina.</span> <span class='ocrx_word' id='word_1_109' title='bbox 282 2176 462 2264; x_wconf 91' lang='lat' dir='ltr'>Purpurea</span> <span class='ocrx_word' id='word_1_110' title='bbox 478 2180 610 2246; x_wconf 91' lang='lat' dir='ltr'>velatus</span> <span class='ocrx_word' id='word_1_111' title='bbox 625 2192 721 2247; x_wconf 91' lang='lat' dir='ltr'>veste</span> <span class='ocrx_word' id='word_1_112' title='bbox 738 2182 880 2249; x_wconf 90' lang='lat' dir='ltr'>sedebat</span> 
     </span>
    </p>

    <p class='ocr_par' dir='ltr' id='par_1_18' title="bbox 86 2282 899 2377">
     <span class='ocr_line' id='line_1_19' title="bbox 86 2282 899 2377; baseline 0.004 -27"><span class='ocrx_word' id='word_1_113' title='bbox 86 2286 123 2350; x_wconf 93' lang='lat' dir='ltr'>in</span> <span class='ocrx_word' id='word_1_114' title='bbox 139 2286 227 2351; x_wconf 87' lang='lat' dir='ltr'>solio</span> <span class='ocrx_word' id='word_1_115' title='bbox 243 2282 406 2352; x_wconf 91' lang='lat' dir='ltr'>Phoebus</span> <span class='ocrx_word' id='word_1_116' title='bbox 422 2286 524 2353; x_wconf 89' lang='lat' dir='ltr'>claris</span> <span class='ocrx_word' id='word_1_117' title='bbox 540 2288 675 2354; x_wconf 90' lang='lat' dir='ltr'>lucente</span> <span class='ocrx_word' id='word_1_118' title='bbox 692 2288 899 2377; x_wconf 88' lang='lat' dir='ltr'>smaragdis.</span> 
     </span>
    </p>

    <p class='ocr_par' dir='ltr' id='par_1_19' title="bbox 88 2393 922 2480">
     <span class='ocr_line' id='line_1_20' title="bbox 88 2393 922 2480; baseline 0.002 -22"><span class='ocrx_word' id='word_1_119' title='bbox 88 2414 109 2458; x_wconf 91' lang='lat' dir='ltr'>a</span> <span class='ocrx_word' id='word_1_120' title='bbox 125 2395 248 2459; x_wconf 88' lang='lat' dir='ltr'>dextra</span> <span class='ocrx_word' id='word_1_121' title='bbox 263 2393 431 2480; x_wconf 89' lang='lat' dir='ltr'>laevaque</span> <span class='ocrx_word' id='word_1_122' title='bbox 449 2394 534 2460; x_wconf 92' lang='lat' dir='ltr'>Dies</span> <span class='ocrx_word' id='word_1_123' title='bbox 550 2407 583 2460; x_wconf 91' lang='lat' dir='ltr'>et</span> <span class='ocrx_word' id='word_1_124' title='bbox 599 2394 733 2460; x_wconf 89' lang='lat' dir='ltr'>Mensis</span> <span class='ocrx_word' id='word_1_125' title='bbox 749 2405 782 2460; x_wconf 90' lang='lat' dir='ltr'>et</span> <span class='ocrx_word' id='word_1_126' title='bbox 797 2393 922 2461; x_wconf 86' lang='lat' dir='ltr'>Annus</span> 
     </span>
    </p>

    <p class='ocr_par' dir='ltr' id='par_1_20' title="bbox 89 2500 1006 2589">
     <span class='ocr_line' id='line_1_21' title="bbox 89 2500 1006 2589; baseline 0 -23"><span class='ocrx_word' id='word_1_127' title='bbox 89 2500 360 2589; x_wconf 76' lang='lat' dir='ltr'>Saeculaqueet</span> <span class='ocrx_word' id='word_1_128' title='bbox 375 2500 504 2586; x_wconf 89' lang='lat' dir='ltr'>positae</span> <span class='ocrx_word' id='word_1_129' title='bbox 521 2501 639 2587; x_wconf 89' lang='lat' dir='ltr'>spatiis</span> <span class='ocrx_word' id='word_1_130' title='bbox 655 2502 857 2588; x_wconf 88' lang='lat' dir='ltr'>aequalibus</span> <span class='ocrx_word' id='word_1_131' title='bbox 875 2501 1006 2578; x_wconf 89' lang='lat' dir='ltr'>Horae,</span> 
     </span>
    </p>

    <p class='ocr_par' dir='ltr' id='par_1_21' title="bbox 88 2608 988 2697">
     <span class='ocr_line' id='line_1_22' title="bbox 88 2608 988 2697; baseline -0.003 -23"><span class='ocrx_word' id='word_1_132' title='bbox 88 2608 229 2697; x_wconf 91' lang='lat' dir='ltr'>Verque</span> <span class='ocrx_word' id='word_1_133' title='bbox 246 2628 374 2673; x_wconf 91' lang='lat' dir='ltr'>novum</span> <span class='ocrx_word' id='word_1_134' title='bbox 391 2608 501 2673; x_wconf 90' lang='lat' dir='ltr'>stabat</span> <span class='ocrx_word' id='word_1_135' title='bbox 516 2608 665 2673; x_wconf 88' lang='lat' dir='ltr'>cinctum</span> <span class='ocrx_word' id='word_1_136' title='bbox 681 2608 824 2672; x_wconf 88' lang='lat' dir='ltr'>florente</span> <span class='ocrx_word' id='word_1_137' title='bbox 840 2628 988 2681; x_wconf 74' lang='lat' dir='ltr'>corona,</span> 
     </span>
    </p>

    <p class='ocr_par' dir='ltr' id='par_1_22' title="bbox 90 2713 921 2801">
     <span class='ocr_line' id='line_1_23' title="bbox 90 2713 921 2801; baseline -0.007 -18"><span class='ocrx_word' id='word_1_138' title='bbox 90 2720 201 2783; x_wconf 90' lang='lat' dir='ltr'>stabat</span> <span class='ocrx_word' id='word_1_139' title='bbox 217 2718 311 2783; x_wconf 88' lang='lat' dir='ltr'>nuda</span> <span class='ocrx_word' id='word_1_140' title='bbox 326 2714 452 2781; x_wconf 90' lang='lat' dir='ltr'>Aestas</span> <span class='ocrx_word' id='word_1_141' title='bbox 468 2726 502 2781; x_wconf 86' lang='lat' dir='ltr'>et</span> <span class='ocrx_word' id='word_1_142' title='bbox 518 2714 634 2801; x_wconf 89' lang='lat' dir='ltr'>spicea</span> <span class='ocrx_word' id='word_1_143' title='bbox 651 2724 742 2779; x_wconf 88' lang='lat' dir='ltr'>serta</span> <span class='ocrx_word' id='word_1_144' title='bbox 758 2713 921 2800; x_wconf 82' lang='lat' dir='ltr'>gerebat3</span> 
     </span>
    </p>

    <p class='ocr_par' dir='ltr' id='par_1_23' title="bbox 91 2818 943 2897">
     <span class='ocr_line' id='line_1_24' title="bbox 91 2818 943 2897; baseline -0.004 -10"><span class='ocrx_word' id='word_1_145' title='bbox 91 2826 201 2889; x_wconf 89' lang='lat' dir='ltr'>stabat</span> <span class='ocrx_word' id='word_1_146' title='bbox 216 2836 250 2889; x_wconf 84' lang='lat' dir='ltr'>et</span> <span class='ocrx_word' id='word_1_147' title='bbox 265 2822 495 2897; x_wconf 88' lang='lat' dir='ltr'>Auctumnus,</span> <span class='ocrx_word' id='word_1_148' title='bbox 515 2821 656 2886; x_wconf 85' lang='lat' dir='ltr'>calcatis</span> <span class='ocrx_word' id='word_1_149' title='bbox 672 2818 830 2885; x_wconf 90' lang='lat' dir='ltr'>sordidus</span> <span class='ocrx_word' id='word_1_150' title='bbox 846 2818 943 2895; x_wconf 88' lang='lat' dir='ltr'>uvis;</span> 
     </span>
    </p>

    <p class='ocr_par' dir='ltr' id='par_1_24' title="bbox 91 2926 1144 3118">
     <span class='ocr_line' id='line_1_25' title="bbox 91 2926 1144 3019; baseline -0.004 -25"><span class='ocrx_word' id='word_1_151' title='bbox 91 2942 124 2995; x_wconf 91' lang='lat' dir='ltr'>et</span> <span class='ocrx_word' id='word_1_152' title='bbox 139 2930 298 3019; x_wconf 90' lang='lat' dir='ltr'>glacialis</span> <span class='ocrx_word' id='word_1_153' title='bbox 318 2929 476 3016; x_wconf 89' lang='lat' dir='ltr'>Hiemps,</span> <span class='ocrx_word' id='word_1_154' title='bbox 496 2948 602 2993; x_wconf 90' lang='lat' dir='ltr'>canos</span> <span class='ocrx_word' id='word_1_155' title='bbox 619 2928 750 2993; x_wconf 89' lang='lat' dir='ltr'>hirsuta</span> <span class='ocrx_word' id='word_1_156' title='bbox 767 2926 924 3011; x_wconf 89' lang='lat' dir='ltr'>capillos.</span> <span class='ocrx_word' id='word_1_157' title='bbox 1110 2958 1144 3011; x_wconf 86' lang='lat'>30</span> 
     </span>
     <span class='ocr_line' id='line_1_26' title="bbox 136 3034 976 3118; baseline -0.005 -17"><span class='ocrx_word' id='word_1_158' title='bbox 136 3038 221 3103; x_wconf 91' lang='lat' dir='ltr'>lnde</span> <span class='ocrx_word' id='word_1_159' title='bbox 238 3039 314 3105; x_wconf 92' lang='lat' dir='ltr'>loco</span> <span class='ocrx_word' id='word_1_160' title='bbox 331 3037 478 3115; x_wconf 91' lang='lat' dir='ltr'>medius,</span> <span class='ocrx_word' id='word_1_161' title='bbox 497 3056 612 3101; x_wconf 91' lang='lat' dir='ltr'>rerum</span> <span class='ocrx_word' id='word_1_162' title='bbox 628 3034 777 3099; x_wconf 90' lang='lat' dir='ltr'>novitate</span> <span class='ocrx_word' id='word_1_163' title='bbox 793 3044 976 3118; x_wconf 91' lang='lat' dir='ltr'>paventem</span> 
     </span>
    </p>

    <p class='ocr_par' dir='ltr' id='par_1_25' title="bbox 92 3138 1016 3232">
     <span class='ocr_line' id='line_1_27' title="bbox 92 3138 1016 3232; baseline -0.008 -23"><span class='ocrx_word' id='word_1_164' title='bbox 92 3142 150 3209; x_wconf 91' lang='lat' dir='ltr'>Sol</span> <span class='ocrx_word' id='word_1_165' title='bbox 168 3143 277 3210; x_wconf 91' lang='lat' dir='ltr'>oculis</span> <span class='ocrx_word' id='word_1_166' title='bbox 290 3144 467 3232; x_wconf 88' lang='lat' dir='ltr'>juvenem,</span> <span class='ocrx_word' id='word_1_167' title='bbox 485 3142 610 3231; x_wconf 88' lang='lat' dir='ltr'>quibus</span> <span class='ocrx_word' id='word_1_168' title='bbox 627 3140 749 3226; x_wconf 89' lang='lat' dir='ltr'>aspicit</span> <span class='ocrx_word' id='word_1_169' title='bbox 764 3139 894 3215; x_wconf 89' lang='lat' dir='ltr'>omnia,</span> <span class='ocrx_word' id='word_1_170' title='bbox 911 3138 1016 3205; x_wconf 72' lang='lat' dir='ltr'>vidite</span> 
     </span>
    </p>

    <p class='ocr_par' dir='ltr' id='par_1_26' title="bbox 92 3242 1143 3338">
     <span class='ocr_line' id='line_1_28' title="bbox 92 3242 1143 3338; baseline -0.007 -22"><span class='ocrx_word' id='word_1_171' title='bbox 92 3261 101 3291; x_wconf 90' lang='lat'>‘</span> <span class='ocrx_word' id='word_1_172' title='bbox 116 3250 237 3336; x_wconf 74' lang='lat' dir='ltr'>Qaq’</span> <span class='ocrx_word' id='word_1_173' title='bbox 247 3272 315 3338; x_wconf 92' lang='lat' dir='ltr'>que</span> <span class='ocrx_word' id='word_1_174' title='bbox 328 3262 336 3292; x_wconf 91' lang='lat'>‘</span> <span class='ocrx_word' id='word_1_175' title='bbox 349 3250 427 3315; x_wconf 91' lang='lat' dir='ltr'>viae</span> <span class='ocrx_word' id='word_1_176' title='bbox 437 3249 496 3315; x_wconf 92' lang='lat' dir='ltr'>tibi</span> <span class='ocrx_word' id='word_1_177' title='bbox 510 3246 637 3315; x_wconf 91' lang='lat' dir='ltr'>causa?</span> <span class='ocrx_word' id='word_1_178' title='bbox 650 3247 733 3334; x_wconf 90' lang='lat' dir='ltr'>quid</span> <span class='ocrx_word' id='word_1_179' title='bbox 743 3246 828 3310; x_wconf 91' lang='lat' dir='ltr'>hac&#39;</span> <span class='ocrx_word' id='word_1_180' title='bbox 842 3245 889 3311; x_wconf 89' lang='lat' dir='ltr'>ait</span> <span class='ocrx_word' id='word_1_181' title='bbox 902 3256 911 3286; x_wconf 83' lang='lat'><strong><em>⁴</em></strong></span> <span class='ocrx_word' id='word_1_182' title='bbox 925 3266 1005 3309; x_wconf 93' lang='lat' dir='ltr'>arce</span> <span class='ocrx_word' id='word_1_183' title='bbox 1017 3242 1143 3331; x_wconf 89' lang='lat' dir='ltr'>petisti,</span> 
     </span>
    </p>

    <p class='ocr_par' dir='ltr' id='par_1_27' title="bbox 90 3349 998 3446">
     <span class='ocr_line' id='line_1_29' title="bbox 90 3349 998 3446; baseline -0.007 -24"><span class='ocrx_word' id='word_1_184' title='bbox 90 3357 287 3446; x_wconf 89' lang='lat' dir='ltr'>progenies,</span> <span class='ocrx_word' id='word_1_185' title='bbox 306 3356 499 3431; x_wconf 71' lang='lat' dir='ltr'>Phaethon,</span> <span class='ocrx_word' id='word_1_186' title='bbox 519 3355 612 3419; x_wconf 89' lang='lat' dir='ltr'>haud</span> <span class='ocrx_word' id='word_1_187' title='bbox 628 3352 807 3419; x_wconf 85' lang='lat' dir='ltr'>infitianda</span> <span class='ocrx_word' id='word_1_188' title='bbox 824 3349 998 3438; x_wconf 83' lang='lat' dir='ltr'>parenti?&#39;</span> 
     </span>
    </p>

    <p class='ocr_par' dir='ltr' id='par_1_28' title="bbox 90 3458 1144 3546">
     <span class='ocr_line' id='line_1_30' title="bbox 90 3458 1144 3546; baseline -0.009 -17"><span class='ocrx_word' id='word_1_189' title='bbox 90 3465 147 3529; x_wconf 91' lang='lat' dir='ltr'>ille</span> <span class='ocrx_word' id='word_1_190' title='bbox 165 3463 287 3529; x_wconf 82' lang='lat' dir='ltr'>refert:</span> <span class='ocrx_word' id='word_1_191' title='bbox 310 3462 368 3529; x_wconf 87' lang='lat' dir='ltr'>‘O</span> <span class='ocrx_word' id='word_1_192' title='bbox 384 3463 444 3527; x_wconf 91' lang='lat' dir='ltr'>lux</span> <span class='ocrx_word' id='word_1_193' title='bbox 461 3460 608 3527; x_wconf 91' lang='lat' dir='ltr'>inmensi</span> <span class='ocrx_word' id='word_1_194' title='bbox 625 3460 764 3546; x_wconf 92' lang='lat' dir='ltr'>publica</span> <span class='ocrx_word' id='word_1_195' title='bbox 780 3458 912 3533; x_wconf 90' lang='lat' dir='ltr'>mundi,</span> <span class='ocrx_word' id='word_1_196' title='bbox 1110 3484 1144 3541; x_wconf 77' lang='lat'>35</span> 
     </span>
    </p>

    <p class='ocr_par' dir='ltr' id='par_1_29' title="bbox 90 3564 998 3657">
     <span class='ocr_line' id='line_1_31' title="bbox 90 3564 998 3657; baseline -0.009 -22"><span class='ocrx_word' id='word_1_197' title='bbox 90 3570 230 3635; x_wconf 89' lang='lat' dir='ltr'>Phoebe</span> <span class='ocrx_word' id='word_1_198' title='bbox 247 3579 358 3654; x_wconf 89' lang='lat' dir='ltr'>pater,</span> <span class='ocrx_word' id='word_1_199' title='bbox 377 3569 405 3633; x_wconf 91' lang='lat' dir='ltr'>si</span> <span class='ocrx_word' id='word_1_200' title='bbox 422 3568 602 3657; x_wconf 74' lang='lat' dir='ltr'>dasbujus</span> <span class='ocrx_word' id='word_1_201' title='bbox 620 3567 703 3631; x_wconf 90' lang='lat' dir='ltr'>mihi</span> <span class='ocrx_word' id='word_1_202' title='bbox 720 3564 869 3631; x_wconf 91' lang='lat' dir='ltr'>nominis</span> <span class='ocrx_word' id='word_1_203' title='bbox 885 3585 998 3639; x_wconf 89' lang='lat' dir='ltr'>usum,</span> 
     </span>
    </p>

    <p class='ocr_par' dir='ltr' id='par_1_30' title="bbox 90 3667 980 3760">
     <span class='ocr_line' id='line_1_32' title="bbox 90 3667 980 3760; baseline -0.012 -21"><span class='ocrx_word' id='word_1_204' title='bbox 90 3696 154 3739; x_wconf 90' lang='lat' dir='ltr'>nec</span> <span class='ocrx_word' id='word_1_205' title='bbox 170 3674 259 3739; x_wconf 88' lang='lat' dir='ltr'>salsa</span> <span class='ocrx_word' id='word_1_206' title='bbox 276 3672 447 3760; x_wconf 91' lang='lat' dir='ltr'>Clymene</span> <span class='ocrx_word' id='word_1_207' title='bbox 465 3671 603 3756; x_wconf 91' lang='lat' dir='ltr'>culpam</span> <span class='ocrx_word' id='word_1_208' title='bbox 620 3670 683 3735; x_wconf 92' lang='lat' dir='ltr'>sub</span> <span class='ocrx_word' id='word_1_209' title='bbox 700 3668 853 3755; x_wconf 83' lang='lat' dir='ltr'>imagine</span> <span class='ocrx_word' id='word_1_210' title='bbox 870 3667 980 3732; x_wconf 85' lang='lat' dir='ltr'>celat:</span> 
     </span>
    </p>

    <p class='ocr_par' dir='ltr' id='par_1_31' title="bbox 92 3778 1010 3869">
     <span class='ocr_line' id='line_1_33' title="bbox 92 3778 1010 3869; baseline -0.009 -26"><span class='ocrx_word' id='word_1_211' title='bbox 92 3782 238 3869; x_wconf 88' lang='lat' dir='ltr'>pignora</span> <span class='ocrx_word' id='word_1_212' title='bbox 254 3780 313 3852; x_wconf 93' lang='lat' dir='ltr'>da,</span> <span class='ocrx_word' id='word_1_213' title='bbox 332 3778 479 3865; x_wconf 88' lang='lat' dir='ltr'>genitor,</span> <span class='ocrx_word' id='word_1_214' title='bbox 498 3798 559 3862; x_wconf 87' lang='lat' dir='ltr'>per</span> <span class='ocrx_word' id='word_1_215' title='bbox 574 3797 663 3863; x_wconf 87' lang='lat' dir='ltr'>quae</span> <span class='ocrx_word' id='word_1_216' title='bbox 680 3786 738 3839; x_wconf 92' lang='lat' dir='ltr'>tua</span> <span class='ocrx_word' id='word_1_217' title='bbox 754 3794 837 3837; x_wconf 90' lang='lat' dir='ltr'>vera</span> <span class='ocrx_word' id='word_1_218' title='bbox 853 3792 1010 3858; x_wconf 88' lang='lat' dir='ltr'>propago</span> 
     </span>
    </p>

    <p class='ocr_par' dir='ltr' id='par_1_32' title="bbox 92 3875 1108 4078">
     <span class='ocr_line' id='line_1_34' title="bbox 92 3875 1016 3963; baseline -0.012 -12"><span class='ocrx_word' id='word_1_219' title='bbox 92 3888 225 3963; x_wconf 87' lang='lat' dir='ltr'>credar,</span> <span class='ocrx_word' id='word_1_220' title='bbox 245 3897 279 3951; x_wconf 91' lang='lat' dir='ltr'>et</span> <span class='ocrx_word' id='word_1_221' title='bbox 295 3885 388 3948; x_wconf 90' lang='lat' dir='ltr'>hunc</span> <span class='ocrx_word' id='word_1_222' title='bbox 404 3882 527 3948; x_wconf 88' lang='lat' dir='ltr'>animis</span> <span class='ocrx_word' id='word_1_223' title='bbox 543 3902 693 3947; x_wconf 86' lang='lat' dir='ltr'>errorem</span> <span class='ocrx_word' id='word_1_224' title='bbox 710 3878 852 3943; x_wconf 89' lang='lat' dir='ltr'>detrahe</span> <span class='ocrx_word' id='word_1_225' title='bbox 868 3875 1016 3941; x_wconf 87' lang='lat' dir='ltr'>nostris.&#39;</span> 
     </span>
     <span class='ocr_line' id='line_1_35' title="bbox 135 3980 1108 4078; baseline -0.017 -21"><span class='ocrx_word' id='word_1_226' title='bbox 135 3992 311 4057; x_wconf 70' lang='lat' dir='ltr'>Dixerat=</span> <span class='ocrx_word' id='word_1_227' title='bbox 341 3988 390 4055; x_wconf 89' lang='lat' dir='ltr'>At</span> <span class='ocrx_word' id='word_1_228' title='bbox 406 3989 541 4078; x_wconf 88' lang='lat' dir='ltr'>genitor</span> <span class='ocrx_word' id='word_1_229' title='bbox 558 3987 686 4051; x_wconf 86' lang='lat' dir='ltr'>circum</span> <span class='ocrx_word' id='word_1_230' title='bbox 703 3992 808 4066; x_wconf 89' lang='lat' dir='ltr'>caput</span> <span class='ocrx_word' id='word_1_231' title='bbox 822 4002 925 4045; x_wconf 91' lang='lat' dir='ltr'>omne</span> <span class='ocrx_word' id='word_1_232' title='bbox 942 3980 1108 4044; x_wconf 88' lang='lat' dir='ltr'>micantes</span> 
     </span>
    </p>
   </div>
   <div class='ocr_carea' id='block_1_3' title="bbox 0 0 1400 4467">
    <p class='ocr_par' dir='ltr' id='par_1_33' title="bbox 0 0 1400 4467">
     <span class='ocr_line' id='line_1_36' title="bbox 0 0 1400 4467; baseline 0 0"><span class='ocrx_word' id='word_1_233' title='bbox 0 0 1400 4467; x_wconf 95' lang='lat' dir='ltr'> </span> 
     </span>
    </p>
   </div>
  </div>
 </body>
</html>
