2767 4467
141 263 179 317 11.
202 262 281 335 πμ]
417 240 678 331 Corfiagrcrtr'on
705 244 753 328 os
765 241 822 308 the
844 239 975 307 Earth.
993 264 1005 290 -·
1162 250 1202 322 25

142 442 294 527 fissaque
313 439 389 527 agit
405 439 520 515 rimas,
540 450 573 505 et
589 440 679 505 sucis
697 449 770 504 aret
786 437 967 522 ademptis.

144 549 272 634 pabula
291 557 501 619 canescunt;
528 567 606 610 cum
624 546 800 611 frondibus
817 544 925 609 uritur
941 542 1055 619 arbor,

146 653 398 739 materiamque
415 673 477 717 suo
494 652 634 737 praebet
650 672 752 738 seges
769 650 866 715 arida
883 651 1022 715 damno.

143 780 253 845 parva
270 779 418 846 queror:
444 778 592 844 magnae
610 769 753 843 pereunt
769 778 848 821 cum
866 755 1046 821 moenibus
1062 754 1178 830 urbeS,

145 885 295 952 cumque
313 864 487 953 suisjtotas
504 863 638 948 populis
655 863 815 928 incendia
833 874 954 949 gentes
1150 891 1201 948 ²¹5

143 971 183 1035 in
200 971 352 1035 cinerem
369 980 512 1034 vertunt.
560 968 677 1035 Silvae
695 990 774 1034 cum
792 970 962 1034 montibus
978 969 1118 1033 ardent:

146 1077 245 1142 ardet
260 1075 387 1152 Athos,
404 1076 611 1163 Taurusque
629 1073 734 1151 Cilix,
753 1086 787 1140 et
801 1076 947 1141 Tmolus
963 1086 996 1140 et
1012 1074 1110 1149 Oete,

145 1193 182 1249 et
197 1193 270 1247 turn
286 1182 393 1257 sicca,
411 1181 505 1266 prius
523 1181 749 1246 celeberrima
767 1181 928 1257 sontibus,
946 1181 1022 1257 Ida,

145 1288 395 1376 virgineusque
413 1287 575 1363 Helicon,
595 1299 628 1353 et
643 1290 797 1353 nondum
814 1287 985 1375 Oeagrius
1004 1287 1170 1354 Haemos.

148 1395 248 1459 ardet
262 1395 297 1459 in
315 1394 521 1459 immensum
539 1394 723 1482 geminatis
739 1394 876 1482 ignibus
893 1394 1018 1469 Aetne,
1150 1425 1203 1464 220

147 1500 392 1587 Parnasusque
408 1500 539 1585 biceps,
559 1511 592 1565 et
608 1500 705 1588 Eryx
721 1513 754 1566 et
770 1500 929 1589 Cynthus
946 1513 978 1567 et
994 1500 1137 1587 Othrys,

148 1618 185 1673 et
199 1607 340 1671 tandem
358 1606 493 1673 nivibus
512 1606 683 1693 Rhodope
701 1608 861 1684 caritura,
880 1607 1076 1694 Mimasque

148 1713 397 1799 Dindymaque
415 1724 448 1777 et
463 1712 604 1799 Mycale
621 1726 788 1801 natusque
806 1716 850 1779 ad
867 1736 965 1779 sacra
982 1713 1179 1779 Cithaeron.

148 1840 217 1884 nec
233 1829 376 1905 prosunt
393 1818 558 1905 Scythiae
574 1841 635 1887 sua
652 1820 802 1908 frigora:
827 1820 1005 1886 Caucasus
1023 1820 1130 1896 ardet,

149 1925 311 2012 Ossaque
328 1947 407 1991 cum
425 1925 547 2002 Pindo,
566 1927 741 2015 majorque
759 1928 925 1993 ambobus
942 1925 1126 2014 Olympum
1153 1954 1203 2011 223

151 2032 336 2120 aeriaeque
352 2030 475 2117 Alpes,
493 2044 527 2097 et
542 2034 676 2099 nubifer
691 2032 934 2119 Appenninus.

197 2139 291 2203 Tum
307 2160 389 2204 vero
406 2138 584 2205 Phaethon
602 2141 732 2205 cunctis
749 2163 767 2204 e
784 2141 936 2227 partibus
953 2140 1070 2205 orbem

28 2230 33 2243 ³
55 2240 58 2247 ⁴
152 2245 278 2332 aspicit
294 2266 491 2322 accensum,
510 2268 575 2311 nec
591 2258 701 2312 tantos
719 2246 861 2311 sustinet
878 2257 1003 2322 aestuS,

152 2352 393 2438 ferventesque
410 2373 512 2417 auras
529 2356 622 2417 velut
638 2374 656 2417 e
674 2353 813 2419 fornace
830 2352 1000 2438 profunda

153 2481 214 2525 ore
230 2459 344 2535 trahit,
364 2480 551 2545 currusque
568 2482 647 2525 suos
665 2462 872 2525 candescere
890 2458 1001 2524 sentit.
1086 2496 1089 2500 ·
1156 2488 1208 2540 230

154 2578 188 2632 et
203 2588 317 2653 neque
330 2566 402 2654 jam
421 2566 553 2631 cineres
571 2567 819 2654 ejectatamque
836 2566 989 2629 favillam

154 2673 244 2739 ferre
262 2684 383 2759 potest,
403 2672 582 2758 calidoque
600 2672 783 2736 involvitur
798 2672 948 2757 undique
965 2672 1071 2735 fumo.

156 2801 293 2867 quoque
310 2791 377 2855 eat,
397 2791 454 2845 aut
470 2780 528 2843 ubi
546 2778 599 2854 sit,
618 2778 718 2864 picea
735 2778 883 2865 caligine
900 2788 1006 2843 tectus

156 2888 279 2962 nescit,
297 2898 330 2951 et
347 2886 483 2952 arbitrio
499 2886 677 2951 volucrum
695 2896 846 2971 raptatur
863 2906 1040 2971 equorum.

204 2992 384 3081 Sanguine
400 3006 481 3059 tunc
494 2994 637 3058 credunt
653 2992 688 3056 in
707 3012 851 3076 corpora
866 3012 1001 3056 summa
1016 2999 1138 3055 vocato
1158 3018 1208 3074 ²35

157 3097 369 3185 Aethiopum
385 3101 531 3186 populos
548 3100 687 3188 nigrum
704 3098 848 3163 traxisse
866 3097 1016 3163 colorem
1026 3118 1036 3171 ;

156 3216 230 3271 tum
247 3205 337 3271 facta
354 3218 405 3271 est
420 3205 533 3291 Libye
551 3206 655 3292 raptis
673 3205 873 3270 humoribus
890 3214 986 3268 aestu

158 3310 276 3387 arida3
302 3319 372 3376 tum
390 3314 566 3398 nymphae
583 3312 693 3397 passis
710 3312 888 3397 fontesque
906 3311 1070 3397 lacusque

158 3414 329 3482 deflevere
347 3418 474 3491 comis;
500 3418 631 3503 quaerit
647 3418 789 3483 Boeotia
806 3418 948 3493 Dircen,

157 3521 275 3612 Argos
293 3522 528 3611 Amymonen,
547 3524 688 3613 Ephyre
705 3524 885 3590 Pirenidas
902 3524 1035 3599 undas3
1160 3550 1213 3602 240

159 3649 225 3695 nec
240 3610 358 3697 sortita
374 3630 450 3695 loco
466 3630 629 3696 distantes
645 3630 788 3696 flumina
805 3632 897 3716 ripas

159 3745 230 3801 tuta
247 3745 409 3801 manent:
435 3735 555 3801 mediis
572 3736 704 3801 Tanais
721 3736 864 3801 fumavit
880 3736 914 3800 in
932 3736 1046 3810 nudie,

160 3840 364 3928 Peneosque
381 3862 501 3918 senex,
519 3842 842 3927 Teuthranteusque
860 3841 1000 3915 Caicus,

160 3956 193 4013 et
208 3950 302 4015 celer
319 3947 475 4013 Ismenos
493 3969 571 4012 cum
588 3948 764 4033 Phegiaco
780 3946 1008 4030 Erymantho,
