2767 4467
161 261 224 327 118
369 257 525 346 Rriaalry
548 261 597 346 os
608 257 708 348 Asbx
730 258 806 325 and
833 257 982 347 Wysses.
1064 276 1209 344 [Marna.

157 459 243 526 quas
259 460 327 528 ego
343 437 499 514 sustinui,
517 460 604 526 quas
621 438 687 503 hac
704 459 724 504 a
741 439 852 504 classe
868 438 1002 526 fugavi.

154 547 259 612 tutius
275 556 326 612 est
341 545 445 633 igitur
460 546 547 611 fictis
564 546 772 612 contendere
788 546 915 622 verbis,
962 537 966 544 ’

156 673 260 740 quarn
273 673 431 740 pugnare
445 673 562 717 manu.
611 651 683 716 Sed
696 672 761 717 nec
772 652 855 716 mihi
868 653 984 718 dicere
997 659 1207 738 promptum,

156 779 221 824 nec
237 759 351 823 lacere
368 770 419 823 est
434 758 509 833 isti;
533 771 768 845 quantumque
785 780 852 846 ego
867 770 977 823 marte
995 759 1101 824 feroci

154 867 260 951 inque
276 865 351 930 acie
366 866 479 940 valeo,
497 875 628 930 tantum
644 865 737 930 valet
751 865 814 930 iste
831 865 1015 951 loquendo.

202 970 306 1036 ‘Nec
321 973 544 1037 memoranda
560 982 675 1036 tamen
692 971 789 1036 vobis
805 992 883 1035 mea
900 971 1003 1047 lacta,
1022 969 1178 1058 Pelasgi,

156 1094 232 1138 esse
249 1093 339 1150 reor,
358 1075 488 1138 vidistis
505 1073 618 1139 enimn
642 1089 705 1138 sua
721 1084 836 1138 narret
852 1073 988 1149 Ulixes,

155 1201 245 1266 quae
262 1180 336 1246 sine
352 1191 436 1246 teste
453 1177 555 1268 gerit,
572 1201 717 1268 quorum
735 1201 804 1244 nox
822 1181 960 1246 conscia
977 1180 1050 1245 sola
1067 1190 1131 1244 est.
1178 1211 1188 1249 1
1194 1210 1207 1265 ς

155 1287 310 1372 praemia
326 1308 456 1374 magna
472 1287 541 1373 peti
558 1287 677 1362 fateor,
696 1287 882 1352 sed—demit
897 1288 1076 1353 honorema

157 1394 334 1458 aemuluse
357 1392 459 1481 Ajaci
476 1414 546 1458 non
561 1404 612 1458 est
627 1392 778 1458 tenuisse
796 1395 995 1479 superbum,

156 1498 199 1564 sit
214 1499 294 1565 licet
309 1500 375 1565 hoc
391 1499 528 1586 ingens,
546 1498 710 1586 quicquid
727 1500 877 1584 speravit
892 1499 1026 1566 Ulixes·

155 1604 219 1678 iste
234 1604 308 1671 tulit
323 1605 469 1691 pretium
482 1604 555 1693 jam
571 1624 665 1669 nunc
680 1604 877 1671 certaminis
894 1606 1016 1694 hujus:

156 1732 320 1799 quocum
335 1711 446 1778 victus
462 1710 537 1788 erit,
555 1730 691 1776 mecum
709 1723 858 1786 certasse
874 1712 1012 1777 feretur.
1178 1745 1213 1782 20

202 1815 343 1905 ‘Atque
357 1839 439 1906 ego,
457 1818 486 1884 si
502 1817 608 1882 virtus
624 1817 659 1882 io
677 1839 731 1883 me
748 1818 943 1884 dubitabilis
960 1828 1063 1894 esset,

155 1923 331 1990 nobilitate
348 1935 468 2009 potens
485 1945 610 1998 essem,
627 1923 820 1990 Telamone
838 1936 998 2000 creatus,

156 2031 293 2096 moenia
309 2030 367 2118 qui
384 2031 460 2097 sorti
476 2029 630 2119 Trojano
646 2032 710 2096 sub
728 2031 881 2097 Hercule
897 2031 1001 2118 cepit,

157 2136 322 2224 litoraque
339 2131 475 2203 intravit
490 2135 671 2225 Pagasaea
688 2135 822 2204 Colcha
840 2138 970 2216 carina.
1074 2187 1076 2192 -

156 2242 297 2309 Aeacus
312 2243 394 2309 huic
409 2254 506 2329 pater
522 2254 585 2320 est,
603 2243 661 2331 qui
679 2244 758 2333 jura
775 2245 952 2312 silentibus
968 2244 1040 2310 illic
1179 2275 1210 2330 25

156 2350 280 2427 reddit,
298 2350 356 2415 ubi
372 2349 544 2416 Aeoliden
560 2370 681 2415 saxum
700 2368 807 2438 grave
824 2350 1002 2438 Sisyphon
1017 2361 1158 2437 urguet.

156 2455 301 2523 Aeacon
317 2457 475 2544 agnoscit
491 2478 657 2550 summus,
676 2457 877 2550 prolemque
894 2458 1018 2522 fatetur

152 2563 311 2651 Juppiter
326 2585 402 2630 esse
417 2585 529 2629 suam.
577 2563 644 2629 sic.
654 2564 697 2628 ab
709 2563 796 2649 Jove
813 2563 929 2630 tertius
944 2564 1051 2653 Ajax.
1084 2607 1087 2614 ,

157 2690 223 2735 nec
237 2681 352 2735 tamen
369 2670 457 2736 haec
472 2669 582 2736 series
597 2669 633 2734 in
650 2689 791 2734 causam
808 2670 926 2755 prosit,
943 2669 1084 2745 Achivi,

158 2775 186 2842 si
203 2777 286 2842 mihi
303 2797 381 2843 cum
399 2797 527 2864 magno
544 2797 612 2842 non
630 2786 681 2841 est
696 2775 888 2841 communis
904 2775 1055 2841 Achille.
1178 2811 1211 2862 30

157 2883 261 2948 frater
276 2893 369 2948 erat:
393 2883 542 2948 fraterna
559 2892 651 2968 peto.
701 2879 796 2964 Qld
813 2883 987 2970 sanguine
1001 2894 1113 2949 cretus

157 2987 335 3076 Sisyphio,
353 2987 516 3077 furtisque
533 3000 567 3054 et
582 2989 702 3055 fraude
720 2989 912 3064 simillimus
929 2989 993 3066 illi,
1147 2989 1149 2992 ’

156 3096 274 3161 inserit
289 3093 453 3161 Aeacidis
469 3096 602 3162 alienae
620 3096 760 3163 nomina
778 3094 913 3184 gentis?

203 3202 283 3270 ‘An
299 3203 392 3289 quod
407 3201 443 3266 in
459 3223 555 3267 arma
571 3203 674 3288 prior,
693 3203 856 3290 nulloque
874 3202 937 3268 sub
952 3201 1067 3268 indice
1083 3205 1177 3278 veni,

157 3331 253 3374 arma
270 3309 432 3398 neganda
449 3307 554 3383 mihi?
578 3309 755 3395 potiorque
771 3308 942 3381 videbitur
959 3310 1029 3384 ille,
1176 3341 1208 3396 35

156 3416 276 3480 ultima
292 3414 350 3502 qui
367 3414 468 3499 cepit,
487 3413 752 3501 detrectavitque
770 3419 884 3482 lurore

156 3523 312 3586 militiam
328 3521 420 3594 ficto,
438 3520 548 3585 donec
565 3521 732 3586 sollertior
748 3520 824 3598 istu,

155 3629 217 3694 sed
233 3627 297 3694 sibi
312 3626 475 3702 inutilior,
492 3625 600 3692 timidi
617 3641 811 3694 commenta
826 3631 946 3696 retexit

155 3733 371 3820 Naupliades
387 3732 508 3808 animi,
524 3733 697 3821 vitataque
713 3736 816 3800 traxit
832 3736 866 3802 in
885 3735 1003 3802 arma?

154 3839 283 3926 optima
299 3861 381 3903 num
398 3849 522 3914 sumat,
540 3839 620 3925 quia
635 3861 771 3905 sumere
787 3842 895 3906 noluit
910 3841 1004 3907 ulla?
1173 3876 1209 3926 40

149 3967 219 4014 ‚uos
234 3942 429 4015 inhonorati
444 3955 478 4008 et
493 3943 592 4009 donis
608 3945 818 4029 patruelibus
835 3947 921 4022 orbi,
