2767 4467
186 260 231 327 28
377 280 416 327 11.
457 260 527 326 The
549 260 756 327 Adventare
778 260 827 344 of
838 258 1033 326 Phaethon.
1094 274 1240 347 [Merra.

185 456 327 532 intonat,
347 467 380 521 et
395 456 516 523 dextra
532 456 691 523 libratum
707 456 837 523 fulmen
854 456 898 521 ab
915 474 997 520 aure

185 562 275 627 misit
291 563 326 626 in
343 563 513 649 aurigam,
533 563 726 651 pariterque
744 562 927 647 animaque
945 560 1094 649 rotisque
1153 619 1156 624 ⁴
1185 619 1188 624 ,

184 669 328 753 expulit,
346 678 380 731 et
395 668 505 732 saevis
521 668 732 752 compescuit
748 667 886 754 ignibus
903 666 1016 753 ignes.

184 783 444 840 consternantur
460 773 551 861 equi,
569 785 604 837 et
619 774 707 847 saltu
723 773 760 837 in
776 772 947 838 contraria
964 772 1055 856 facto

184 878 272 943 colla
285 879 371 966 jugo
387 879 546 963 eripiunt,
565 879 777 965 abruptaque
794 879 867 943 lora
884 879 1091 967 relinquunt.
1184 913 1238 969 ³15

183 986 253 1050 illic
270 985 367 1050 frena
378 985 508 1075 jacent,
526 985 598 1054 illic
611 996 748 1053 temone
765 986 922 1051 revulsus
951 1054 955 1061 ,

184 1091 272 1165 axis,
291 1090 325 1155 in
343 1091 410 1157 hac
425 1091 512 1173 radii
528 1091 714 1175 fractarum
730 1102 827 1179 parte
843 1103 1008 1174 rotarum,

183 1218 371 1284 sparsaque
388 1209 467 1279 sunt
483 1198 549 1263 late
566 1196 671 1262 laceri
688 1197 836 1285 vestigia
853 1219 985 1264 currus.

227 1301 275 1367 At
291 1302 483 1378 Phaethon,
502 1303 619 1368 rutilos
636 1302 777 1368 flamma
793 1305 980 1391 populante
996 1303 1153 1392 capillos,

182 1409 328 1475 volvitur
344 1409 378 1471 in
396 1430 575 1495 praeceps,
593 1410 766 1497 longoque
783 1431 845 1496 per
861 1416 941 1477 aera
957 1423 1065 1495 tractu
1181 1446 1236 1499 320

182 1515 299 1591 fertur,
318 1526 354 1579 ut
370 1516 539 1580 interdum
557 1515 601 1580 de
618 1516 715 1581 caelo
732 1518 830 1581 stella
846 1538 970 1583 sereno

182 1622 242 1685 etsi
260 1644 328 1686 non
346 1620 480 1695 cecidit,
499 1621 606 1706 potuit
622 1622 787 1689 cecidisse
804 1622 924 1688 videri.

181 1750 282 1816 quem
301 1728 456 1812 procula
474 1727 582 1813 patria
599 1728 734 1795 diverso
751 1730 923 1795 maximus
939 1726 1021 1797 orbe
1089 1813 1093 1817 .

182 1834 308 1920 excipit
324 1834 510 1910 Eridanus,
528 1834 761 1921 fumantiaque
779 1835 885 1900 abluit
900 1857 971 1901 ora.

180 1938 313 2005 Naides
332 1939 522 2026 Hesperiae
539 1941 650 2007 trifida
668 1942 833 2006 fumantia
850 1942 989 2007 flamma
1178 1974 1229 2031 325

180 2068 324 2133 corpora
340 2047 424 2112 dant
438 2048 582 2121 tumulo,
601 2048 739 2133 signant
754 2070 890 2136 quoque
907 2048 1059 2115 carmine
1076 2070 1221 2115 saxum:

180 2172 242 2218 rue
259 2172 360 2218 s1rvs
378 2173 447 2218 asT
464 2172 667 2219 euanruon
684 2174 831 2219 cvaavs
848 2154 1170 2240 avareasspa‘rnaur

180 2280 285 2343 cusam
302 2281 333 2325 sI
350 2280 427 2327 uon
443 2279 584 2326 Tnuvn‘
601 2280 739 2326 Mantus
757 2280 890 2325 ranan
907 2281 1059 2326 axcrnrr
1075 2281 1189 2326 avsrs.

225 2367 317 2433 Nam
335 2380 432 2455 pater
447 2369 625 2442 obductos,
644 2368 738 2433 luctu
755 2368 958 2441 miserabilis
976 2389 1093 2455 aegro,

179 2476 379 2540 condiderat
396 2475 528 2547 vultus;
553 2486 587 2539 et
601 2473 630 2549 si
648 2475 751 2538 modo
767 2473 951 2555 credimus,
970 2496 1077 2539 unum
1178 2507 1233 2560 330

179 2582 246 2648 isse
264 2584 354 2649 diem
372 2583 445 2648 sine
463 2582 535 2647 sole
551 2580 684 2652 ferunt3
709 2579 869 2643 incendia
887 2580 1005 2644 lumen

179 2682 402 2777 praebebant,
421 2689 613 2777 aliquisque
632 2687 722 2773 malo
739 2686 800 2751 suit
815 2708 898 2751 usus
915 2686 949 2750 in
966 2687 1038 2753 illo.

223 2798 271 2864 At
288 2797 470 2885 Clymene,
489 2808 669 2882 postquam
686 2794 771 2860 dixit
787 2815 1023 2881 quaecumque
1040 2794 1176 2859 suerunt

178 2904 213 2969 in
230 2906 331 2969 tantis
348 2904 493 2971 dicenda
512 2902 623 2975 malis,
641 2900 798 2987 lugubris
814 2911 982 2986 etamens

178 3024 211 3077 et
226 3014 354 3079 laniata
371 3013 465 3079 sinus
482 3022 587 3076 totum
605 3006 800 3094 percensuit
815 3007 954 3072 orbem:
1176 3038 1229 3094 335

178 3121 424 3205 exanimesque
442 3132 533 3183 artus
551 3116 674 3202 primo,
694 3136 776 3179 mox
792 3135 869 3179 ossa
887 3113 1075 3200 requirenS,

178 3227 327 3312 repperit
342 3248 421 3292 ossa
437 3239 553 3292 tamen
570 3221 754 3311 peregrina
772 3221 909 3287 condita
925 3220 1012 3306 ripa,

177 3329 397 3417 incubuitque
415 3331 510 3404 loc0;
535 3349 730 3414 nomenque
746 3326 781 3391 in
799 3346 969 3389 marmore
986 3325 1112 3391 lectum

178 3438 325 3524 perfudit
341 3437 491 3502 lacrimis
508 3447 541 3501 et
557 3444 674 3521 aperto
691 3445 828 3520 pectore
846 3433 941 3498 fovit.
1002 3467 1006 3478 ·

221 3542 298 3608 Nec
315 3544 427 3608 minus
446 3542 611 3607 Heliades
626 3540 726 3606 fletus
743 3553 828 3618 et—
838 3538 954 3604 inania
972 3536 1069 3603 morti
1176 3568 1228 3623 340

177 3651 466 3715 munera-dant
481 3648 653 3723 lacrimas,
674 3659 708 3712 et
724 3668 847 3712 caesae
864 3656 1002 3731 pectora
1020 3643 1144 3731 palmis

176 3780 245 3822 non
263 3757 455 3822 auditurum
474 3754 616 3820 miseras
632 3752 847 3817 Phaethonta
863 3752 1035 3839 querellas

176 3875 275 3929 nocte
292 3864 415 3949 dieque
431 3871 567 3935 vocant,
587 3860 894 3943 adsternunturque
911 3859 1082 3943 sepulcro.

177 3970 259 4035 luna
273 3981 395 4054 quater
405 3966 532 4055 junctis
548 3965 707 4051 implerat
722 3963 882 4028 cornibus
898 3964 1037 4030 orbemz
