2767 4467
168 279 224 349 68¹
312 222 315 229 ⁴
400 276 480 347 Dte
493 276 766 345 Euctutztments
787 278 836 361 os
847 272 988 340 Medea.
1078 288 1234 394 [Mam

171 438 651 579 mgreaddndssqsdam
667 428 1065 563 rt‘e‘e‘tlzffffgllffmsar

171 587 275 660 dixit3
301 594 334 649 et
352 594 429 647 ante
445 583 564 647 oculos
581 592 710 648 rectum
727 578 905 666 pietasque
922 577 1101 664 pudorque

171 692 402 765 constiterant,
421 698 454 753 et
469 688 558 753 victa
574 688 678 753 dabat
691 685 765 774 jam
780 696 887 772 terga
895 682 1045 769 Cupido.

213 798 291 864 Ibat
308 797 351 863 ad
369 793 536 881 antiquas<
547 793 698 859 Hecates
714 790 896 857 Perseidos
912 808 1004 864 aras,
1098 821 1100 828 ·

119 982 122 989 ,
170 928 255 994 quas
272 898 393 971 nemus
410 899 827 985 umbrosums'ecretaque
842 897 929 962 silva
945 896 1098 982 tegebat.
1195 918 1231 978 75

170 1024 204 1079 et
214 1013 287 1101 jam
304 1011 398 1078 sortis
415 1019 498 1084 erat,
518 1008 705 1094 pulsusque
720 1014 909 1070 recesserat
923 1001 1026 1068 'ardor
1036 1022 1056 1077 ς.
1153 1035 1155 1040 -

170 1140 248 1185 curn
265 1119 358 1185 videt
373 1112 587 1190 Aesoniden,
606 1110 841 1198 exstinctaque
856 1109 999 1173 flamma
1013 1103 1152 1173 revixit.

162 1226 335 1291 ‘erubuere
353 1242 477 1312 genae,
491 1232 634 1307 totoque
650 1218 829 1286 recanduit
843 1236 916 1291 ore,
934 1257 938 1264 »
963 1267 967 1275 ,
987 1266 991 1275 .

169 1342 272 1418 utque
289 1330 375 1396 solet
390 1329 500 1394 ventis
518 1326 680 1392 alimenta
698 1324 886 1397 assumere,
903 1340 1063 1409 quaeque

170 1457 276 1524 parva
293 1437 356 1501 sub
372 1435 511 1500 inducta
528 1433 624 1499 latuit
640 1431 787 1500 scintilla
803 1428 936 1503 favilla,
959 1480 978 1490 ..
1191 1443 1231 1497 80

170 1562 337 1618 crescere,
356 1551 389 1607 et
404 1541 439 1605 ln
455 1550 588 1607 veteres
605 1537 734 1627 agitata
750 1537 931 1623 resurgere
948 1533 1053 1608 vires,

170 1647 220 1713 sic
232 1647 304 1735 jam
320 1648 431 1713 lentus
446 1666 557 1722 amor,
567 1644 645 1735 ⁴jam
661 1662 765 1731 quem
781 1642 949 1731 languere
966 1650 1119 1728 putares,
1199 1646 1202 1649 ’

168 1764 206 1819 ut
221 1754 304 1819 vidit
315 1754 490 1842 juvenem,
509 1752 624 1840 specie
641 1751 830 1839 praesentis
846 1748 980 1831 inarsit.
1053 1748 1100 1813 91
1207 1782 1217 1792 ·

215 1859 259 1926 Et
274 1880 356 1925 casu
373 1856 471 1927 solito
488 1858 666 1926 formosior
682 1857 823 1925 Aesone
839 1870 940 1923 nauts

169 1965 227 2031 illa
245 1966 321 2031 luce
338 1965 420 2031 suit:
446 1985 564 2052 posses
580 1967 760 2054 ignoscere
776 1964 920 2030 amanti.
957 1994 959 2000 ’
1189 1976 1228 2045 85
1265 1997 1269 2001 “
1325 1966 1330 1976 “

169 2082 311 2158 spectat,
330 2071 413 2137 etin
429 2074 524 2137 vultu
540 2072 644 2139 veluti
661 2082 732 2139 tum
750 2071 898 2159 denique
914 2069 990 2137 viso
1008 2119 1011 2125 -

169 2178 299 2243 lumina
315 2179 385 2243 fixa
401 2189 504 2255 tenet,
522 2200 587 2244 nec
603 2198 640 2245 se
658 2178 814 2244 mortalia
830 2178 976 2243 demens

89 2278 96 2288 ”
169 2304 230 2349 ora
244 2283 361 2351 videre
377 2296 484 2371 putat,
503 2306 568 2351 nec
583 2306 621 2351 se
637 2285 787 2351 declinat
803 2279 935 2350 abillo.¹
1003 2302 1006 2308 ’

168 2398 205 2455 ut
221 2411 302 2456 vero
318 2390 496 2478 coepitque
512 2390 617 2478 loqui,
636 2391 861 2477 dextramque
877 2387 1059 2477 prehendit

169 2496 308 2583 hospes,
327 2508 359 2562 et
376 2496 541 2562 auxilium
558 2498 742 2562 summissa
758 2518 844 2563 voce
861 2498 1008 2586 rogavit,
1189 2526 1229 2582 90
1320 2491 1323 2497 ’

169 2603 389 2691 promisitque
405 2614 529 2678 torum,
548 2602 698 2668 lacrimis
715 2603 761 2668 ait
778 2603 836 2668 illa
853 2598 1022 2690 profusis:
1213 2603 1217 2609 ’

171 2719 180 2749 ⁶
196 2706 289 2791 Quid
306 2709 430 2774 faciam
446 2709 566 2785 vide03
591 2718 657 2780 'nec
675 2731 730 2774 me
746 2709 941 2797 ignorantia
957 2706 1029 2775 v'eri

170 2808 327 2894 decipiet,
346 2810 406 2875 sed
423 2831 531 2875 amor.
581 2810 774 2876 Servabere
790 2830 933 2877 munere
950 2822 1088 2877 nostroe

170 2926 322 2981 servatus
339 2915 505 3001 promissa
522 2916 625 2980 dat0.’
672 2916 740 2980 Per
756 2938 855 2982 sacra
871 2916 1033 2982 triformis
1242 2996 1245 3000 ¹

169 3022 226 3087 ille
243 3022 341 3096 deae,
360 3019 504 3107 limoque
520 3019 606 3087 soret
622 3022 715 3107 quod
732 3045 858 3088 numen
875 3023 910 3087 in
929 3024 1002 3098 illo,
1189 3038 1226 3107 95
1296 3084 1300 3089 .
1368 3037 1370 3098 g

169 3148 296 3214 perque
313 3136 443 3212 patrem
460 3125 570 3191 soceri
587 3138 926 3195 cernentem-cuncta
942 3126 1060 3205 futuri,
1368 3113 1370 3134 Ι

169 3243 378 3319 eventusque
395 3252 475 3296 suos
492 3243 524 3297 et
540 3242 634 3297 tanta
651 3232 804 3319 pericula
817 3229 921 3322 jurat.

170 3339 317 3405 creditus
334 3338 465 3423 accepit
482 3348 636 3404 cantatas
652 3340 805 3424 protinus
823 3342 961 3416 herbas,

170 3443 374 3530 edidicitque
389 3465 503 3519 usum,
523 3445 699 3532 laetusque
715 3444 751 3510 in
767 3457 861 3511 tesca
877 3445 1030 3511 recessit.
1064 3516 1069 3528 ,

214 3550 355 3615 Postera
372 3550 552 3636 depulerat
566 3552 682 3617 stellas
698 3567 822 3616 aurora
838 3548 1027 3617 micantes:
1175 3580 1231 3621 100³

170 3658 376 3722 conveniunt
392 3658 509 3745 populi
527 3676 662 3723 sacrum
680 3654 846 3721 Mavortis
862 3655 897 3720 in
915 3675 1052 3732 arvum,
1285 3654 1289 3660 ’

169 3762 424 3853 consistuntque
437 3763 544 3853 jugis.
589 3760 714 3827 Medio
729 3782 791 3825 rex
807 3761 881 3847 ipse
896 3762 1027 3827 resedit
1084 3832 1088 3842 ,

171 3870 322 3955 agmine,
341 3890 532 3960 purpureus
549 3877 750 3953 sceptroque
766 3866 917 3953 insignis
928 3868 1075 3933 eburno.
1154 3868 1158 3878 '

172 3994 252 4040 ecce
270 3973 481 4043 adamanteis
497 3970 839 4039 volcanumnaribus
854 3972 974 4037 efflant
1111 3967 1116 3975 ’
