<?xml version="1.0" encoding="UTF-8"?>
<!DOCTYPE html PUBLIC "-//W3C//DTD XHTML 1.0 Transitional//EN"
    "http://www.w3.org/TR/xhtml1/DTD/xhtml1-transitional.dtd">
<html xmlns="http://www.w3.org/1999/xhtml" xml:lang="en" lang="en">
 <head>
  <title>
</title>
<meta http-equiv="Content-Type" content="text/html;charset=utf-8" />
  <meta name='ocr-system' content='tesseract 3.04.00' />
  <meta name='ocr-capabilities' content='ocr_page ocr_carea ocr_par ocr_line ocrx_word'/>
</head>
<body>
  <div class='ocr_page' id='page_1' title='image "./poemataquaedame01ovidgoog_0112.png"; bbox 0 0 2767 4467; ppageno 0'>
   <div class='ocr_carea' id='block_1_1' title="bbox 171 336 1229 431">
    <p class='ocr_par' dir='ltr' id='par_1_1' title="bbox 171 336 1229 431">
     <span class='ocr_line' id='line_1_1' title="bbox 171 336 1229 431; baseline 0.007 -29"><span class='ocrx_word' id='word_1_1' title='bbox 171 339 218 431; x_wconf 82' lang='lat'>98</span> <span class='ocrx_word' id='word_1_2' title='bbox 461 337 621 427; x_wconf 66' lang='lat' dir='ltr'>Orpheum</span> <span class='ocrx_word' id='word_1_3' title='bbox 643 339 719 404; x_wconf 86' lang='lat' dir='ltr'>and</span> <span class='ocrx_word' id='word_1_4' title='bbox 739 336 932 425; x_wconf 76' lang='lat' dir='ltr'><em>Eurydice.</em></span> <span class='ocrx_word' id='word_1_5' title='bbox 1083 352 1229 427; x_wconf 67' lang='lat' dir='ltr'>[Mareu.</span> 
     </span>
    </p>
   </div>
   <div class='ocr_carea' id='block_1_2' title="bbox 98 532 1238 3803">
    <p class='ocr_par' dir='ltr' id='par_1_2' title="bbox 175 532 1095 623">
     <span class='ocr_line' id='line_1_2' title="bbox 175 532 1095 623; baseline -0.002 -22"><span class='ocrx_word' id='word_1_6' title='bbox 175 536 285 601; x_wconf 87' lang='lat' dir='ltr'>exitus</span> <span class='ocrx_word' id='word_1_7' title='bbox 302 534 456 620; x_wconf 87' lang='lat' dir='ltr'>auspicio</span> <span class='ocrx_word' id='word_1_8' title='bbox 472 535 631 623; x_wconf 83' lang='lat' dir='ltr'>gravior3</span> <span class='ocrx_word' id='word_1_9' title='bbox 656 555 737 598; x_wconf 90' lang='lat' dir='ltr'>nam</span> <span class='ocrx_word' id='word_1_10' title='bbox 755 543 873 618; x_wconf 92' lang='lat' dir='ltr'>nupta,</span> <span class='ocrx_word' id='word_1_11' title='bbox 892 554 954 620; x_wconf 91' lang='lat' dir='ltr'>per</span> <span class='ocrx_word' id='word_1_12' title='bbox 970 532 1095 599; x_wconf 87' lang='lat' dir='ltr'>herbas</span> 
     </span>
    </p>

    <p class='ocr_par' dir='ltr' id='par_1_3' title="bbox 176 640 1021 727">
     <span class='ocr_line' id='line_1_3' title="bbox 176 640 1021 727; baseline -0.007 -19"><span class='ocrx_word' id='word_1_13' title='bbox 176 644 258 708; x_wconf 92' lang='lat' dir='ltr'>dum</span> <span class='ocrx_word' id='word_1_14' title='bbox 274 662 363 707; x_wconf 90' lang='lat' dir='ltr'>nova</span> <span class='ocrx_word' id='word_1_15' title='bbox 380 641 544 706; x_wconf 87' lang='lat' dir='ltr'>naiadum</span> <span class='ocrx_word' id='word_1_16' title='bbox 561 641 660 706; x_wconf 86' lang='lat' dir='ltr'>turba</span> <span class='ocrx_word' id='word_1_17' title='bbox 678 640 838 705; x_wconf 88' lang='lat' dir='ltr'>comitata</span> <span class='ocrx_word' id='word_1_18' title='bbox 854 649 1021 727; x_wconf 80' lang='lat' dir='ltr'>vagatur,</span> 
     </span>
    </p>

    <p class='ocr_par' dir='ltr' id='par_1_4' title="bbox 176 733 1231 939">
     <span class='ocr_line' id='line_1_4' title="bbox 176 733 1231 831; baseline -0.006 -17"><span class='ocrx_word' id='word_1_19' title='bbox 176 748 312 822; x_wconf 89' lang='lat' dir='ltr'>occidit,</span> <span class='ocrx_word' id='word_1_20' title='bbox 331 748 365 811; x_wconf 92' lang='lat' dir='ltr'>in</span> <span class='ocrx_word' id='word_1_21' title='bbox 382 747 488 810; x_wconf 88' lang='lat' dir='ltr'>talum</span> <span class='ocrx_word' id='word_1_22' title='bbox 507 747 673 831; x_wconf 91' lang='lat' dir='ltr'>serpentis</span> <span class='ocrx_word' id='word_1_23' title='bbox 690 733 798 810; x_wconf 84' lang='lat' dir='ltr'>dente</span> <span class='ocrx_word' id='word_1_24' title='bbox 810 757 960 829; x_wconf 88' lang='lat' dir='ltr'>recepto.</span> <span class='ocrx_word' id='word_1_25' title='bbox 1157 805 1160 814; x_wconf 21' lang='grc' dir='ltr'><strong>Α</strong></span> <span class='ocrx_word' id='word_1_26' title='bbox 1199 776 1231 815; x_wconf 84' lang='lat'>10</span> 
     </span>
     <span class='ocr_line' id='line_1_5' title="bbox 222 850 1221 939; baseline -0.002 -22"><span class='ocrx_word' id='word_1_27' title='bbox 222 853 340 937; x_wconf 79' lang='lat' dir='ltr'>Qam</span> <span class='ocrx_word' id='word_1_28' title='bbox 357 853 438 919; x_wconf 90' lang='lat' dir='ltr'>satis</span> <span class='ocrx_word' id='word_1_29' title='bbox 455 853 498 916; x_wconf 89' lang='lat' dir='ltr'>ad</span> <span class='ocrx_word' id='word_1_30' title='bbox 517 873 659 939; x_wconf 90' lang='lat' dir='ltr'>superas</span> <span class='ocrx_word' id='word_1_31' title='bbox 676 863 857 938; x_wconf 85' lang='lat' dir='ltr'>postquam</span> <span class='ocrx_word' id='word_1_32' title='bbox 874 850 1103 936; x_wconf 91' lang='lat' dir='ltr'>Rhodopeius</span> <span class='ocrx_word' id='word_1_33' title='bbox 1120 870 1221 916; x_wconf 89' lang='lat' dir='ltr'>auras</span> 
     </span>
    </p>

    <p class='ocr_par' dir='ltr' id='par_1_5' title="bbox 177 957 1003 1042">
     <span class='ocr_line' id='line_1_6' title="bbox 177 957 1003 1042; baseline -0.007 -16"><span class='ocrx_word' id='word_1_34' title='bbox 177 961 315 1026; x_wconf 88' lang='lat' dir='ltr'>deflevit</span> <span class='ocrx_word' id='word_1_35' title='bbox 330 970 438 1034; x_wconf 88' lang='lat' dir='ltr'>vates,</span> <span class='ocrx_word' id='word_1_36' title='bbox 457 979 501 1023; x_wconf 90' lang='lat' dir='ltr'>ne</span> <span class='ocrx_word' id='word_1_37' title='bbox 517 978 585 1022; x_wconf 92' lang='lat' dir='ltr'>non</span> <span class='ocrx_word' id='word_1_38' title='bbox 603 967 786 1042; x_wconf 83' lang='lat' dir='ltr'>temptaret</span> <span class='ocrx_word' id='word_1_39' title='bbox 802 968 835 1021; x_wconf 90' lang='lat' dir='ltr'>et</span> <span class='ocrx_word' id='word_1_40' title='bbox 850 957 1003 1032; x_wconf 89' lang='lat' dir='ltr'>umbras,</span> 
     </span>
    </p>

    <p class='ocr_par' dir='ltr' id='par_1_6' title="bbox 115 1063 1094 1154">
     <span class='ocr_line' id='line_1_7' title="bbox 115 1063 1094 1154; baseline -0.006 -21"><span class='ocrx_word' id='word_1_41' title='bbox 115 1094 119 1100; x_wconf 91' lang='lat'>·</span> <span class='ocrx_word' id='word_1_42' title='bbox 178 1069 221 1133; x_wconf 89' lang='lat' dir='ltr'>ad</span> <span class='ocrx_word' id='word_1_43' title='bbox 239 1067 352 1154; x_wconf 87' lang='lat' dir='ltr'>Styga</span> <span class='ocrx_word' id='word_1_44' title='bbox 366 1064 542 1130; x_wconf 85' lang='lat' dir='ltr'>Taenaria</span> <span class='ocrx_word' id='word_1_45' title='bbox 559 1074 611 1129; x_wconf 89' lang='lat' dir='ltr'>est</span> <span class='ocrx_word' id='word_1_46' title='bbox 627 1085 731 1128; x_wconf 89' lang='lat' dir='ltr'>ausus</span> <span class='ocrx_word' id='word_1_47' title='bbox 749 1063 958 1128; x_wconf 79' lang='lat' dir='ltr'>descendere</span> <span class='ocrx_word' id='word_1_48' title='bbox 975 1073 1094 1148; x_wconf 84' lang='lat' dir='ltr'>porta3</span> 
     </span>
    </p>

    <p class='ocr_par' dir='ltr' id='par_1_7' title="bbox 98 1169 1229 1261">
     <span class='ocr_line' id='line_1_8' title="bbox 98 1169 1229 1261; baseline -0.004 -22"><span class='ocrx_word' id='word_1_49' title='bbox 98 1212 103 1220; x_wconf 94' lang='lat'>·</span> <span class='ocrx_word' id='word_1_50' title='bbox 177 1194 305 1261; x_wconf 90' lang='lat' dir='ltr'>perque</span> <span class='ocrx_word' id='word_1_51' title='bbox 322 1174 416 1238; x_wconf 88' lang='lat' dir='ltr'>leves</span> <span class='ocrx_word' id='word_1_52' title='bbox 432 1171 577 1258; x_wconf 89' lang='lat' dir='ltr'>populos</span> <span class='ocrx_word' id='word_1_53' title='bbox 594 1170 846 1256; x_wconf 88' lang='lat' dir='ltr'>simulacraque</span> <span class='ocrx_word' id='word_1_54' title='bbox 863 1169 979 1234; x_wconf 78' lang='lat' dir='ltr'>functa</span> <span class='ocrx_word' id='word_1_55' title='bbox 996 1170 1157 1254; x_wconf 89' lang='lat' dir='ltr'>sepulcro</span> <span class='ocrx_word' id='word_1_56' title='bbox 1224 1179 1229 1186; x_wconf 80' lang='grc'><strong>’</strong></span> 
     </span>
    </p>

    <p class='ocr_par' dir='ltr' id='par_1_8' title="bbox 177 1269 1231 1366">
     <span class='ocr_line' id='line_1_9' title="bbox 177 1269 1231 1366; baseline -0.007 -21"><span class='ocrx_word' id='word_1_57' title='bbox 177 1280 422 1366; x_wconf 88' lang='lat' dir='ltr'>Persephonen</span> <span class='ocrx_word' id='word_1_58' title='bbox 440 1278 535 1352; x_wconf 91' lang='lat' dir='ltr'>adiit,</span> <span class='ocrx_word' id='word_1_59' title='bbox 553 1269 805 1362; x_wconf 87' lang='lat' dir='ltr'>inamoenaque</span> <span class='ocrx_word' id='word_1_60' title='bbox 822 1295 931 1364; x_wconf 83' lang='lat' dir='ltr'>regna</span> <span class='ocrx_word' id='word_1_61' title='bbox 947 1285 1120 1340; x_wconf 88' lang='lat' dir='ltr'>tenentem</span> <span class='ocrx_word' id='word_1_62' title='bbox 1201 1304 1231 1362; x_wconf 79' lang='lat'>¹5</span> 
     </span>
    </p>

    <p class='ocr_par' dir='ltr' id='par_1_9' title="bbox 176 1381 1183 1468">
     <span class='ocr_line' id='line_1_10' title="bbox 176 1381 1183 1468; baseline -0.003 -18"><span class='ocrx_word' id='word_1_63' title='bbox 176 1387 375 1450; x_wconf 87' lang='lat' dir='ltr'>umbrarum</span> <span class='ocrx_word' id='word_1_64' title='bbox 393 1384 584 1450; x_wconf 88' lang='lat' dir='ltr'>dominum.</span> <span class='ocrx_word' id='word_1_65' title='bbox 632 1381 815 1468; x_wconf 91' lang='lat' dir='ltr'>Pulsisque</span> <span class='ocrx_word' id='word_1_66' title='bbox 832 1381 876 1446; x_wconf 90' lang='lat' dir='ltr'>ad</span> <span class='ocrx_word' id='word_1_67' title='bbox 895 1381 1049 1447; x_wconf 89' lang='lat' dir='ltr'>carmina</span> <span class='ocrx_word' id='word_1_68' title='bbox 1065 1381 1183 1447; x_wconf 88' lang='lat' dir='ltr'>nervis</span> 
     </span>
    </p>

    <p class='ocr_par' dir='ltr' id='par_1_10' title="bbox 98 1487 1003 1576">
     <span class='ocr_line' id='line_1_11' title="bbox 98 1487 1003 1576; baseline 0.001 -26"><span class='ocrx_word' id='word_1_69' title='bbox 98 1541 103 1550; x_wconf 88' lang='lat'><strong>.</strong></span> <span class='ocrx_word' id='word_1_70' title='bbox 178 1491 228 1556; x_wconf 87' lang='lat' dir='ltr'>sic</span> <span class='ocrx_word' id='word_1_71' title='bbox 245 1491 311 1555; x_wconf 87' lang='lat' dir='ltr'>ait:</span> <span class='ocrx_word' id='word_1_72' title='bbox 337 1490 393 1555; x_wconf 84' lang='lat' dir='ltr'>‘O</span> <span class='ocrx_word' id='word_1_73' title='bbox 410 1489 508 1576; x_wconf 91' lang='lat' dir='ltr'>positi</span> <span class='ocrx_word' id='word_1_74' title='bbox 526 1490 589 1556; x_wconf 91' lang='lat' dir='ltr'>sub</span> <span class='ocrx_word' id='word_1_75' title='bbox 605 1499 693 1554; x_wconf 89' lang='lat' dir='ltr'>terra</span> <span class='ocrx_word' id='word_1_76' title='bbox 711 1488 854 1552; x_wconf 89' lang='lat' dir='ltr'>numina</span> <span class='ocrx_word' id='word_1_77' title='bbox 871 1487 1003 1563; x_wconf 90' lang='lat' dir='ltr'>mundi,</span> 
     </span>
    </p>

    <p class='ocr_par' dir='ltr' id='par_1_11' title="bbox 177 1593 1080 1684">
     <span class='ocr_line' id='line_1_12' title="bbox 177 1593 1080 1684; baseline -0.004 -22"><span class='ocrx_word' id='word_1_78' title='bbox 177 1597 212 1663; x_wconf 91' lang='lat' dir='ltr'>in</span> <span class='ocrx_word' id='word_1_79' title='bbox 229 1618 330 1684; x_wconf 90' lang='lat' dir='ltr'>quem</span> <span class='ocrx_word' id='word_1_80' title='bbox 348 1596 543 1670; x_wconf 80' lang='lat' dir='ltr'>recidimus,</span> <span class='ocrx_word' id='word_1_81' title='bbox 562 1593 725 1682; x_wconf 88' lang='lat' dir='ltr'>quicquid</span> <span class='ocrx_word' id='word_1_82' title='bbox 743 1593 884 1657; x_wconf 86' lang='lat' dir='ltr'>mortale</span> <span class='ocrx_word' id='word_1_83' title='bbox 901 1614 1080 1668; x_wconf 83' lang='lat' dir='ltr'>creamur3</span> 
     </span>
    </p>

    <p class='ocr_par' dir='ltr' id='par_1_12' title="bbox 178 1697 900 1788">
     <span class='ocr_line' id='line_1_13' title="bbox 178 1697 900 1788; baseline -0.006 -20"><span class='ocrx_word' id='word_1_84' title='bbox 178 1704 206 1768; x_wconf 92' lang='lat' dir='ltr'>si</span> <span class='ocrx_word' id='word_1_85' title='bbox 223 1705 313 1779; x_wconf 89' lang='lat' dir='ltr'>licet,</span> <span class='ocrx_word' id='word_1_86' title='bbox 334 1713 366 1768; x_wconf 91' lang='lat' dir='ltr'>et</span> <span class='ocrx_word' id='word_1_87' title='bbox 383 1702 458 1767; x_wconf 83' lang='lat' dir='ltr'>falsi</span> <span class='ocrx_word' id='word_1_88' title='bbox 475 1702 594 1788; x_wconf 89' lang='lat' dir='ltr'>positis</span> <span class='ocrx_word' id='word_1_89' title='bbox 610 1697 815 1788; x_wconf 87' lang='lat' dir='ltr'>ambagibus</span> <span class='ocrx_word' id='word_1_90' title='bbox 832 1698 900 1764; x_wconf 87' lang='lat' dir='ltr'>oris</span> 
     </span>
    </p>

    <p class='ocr_par' dir='ltr' id='par_1_13' title="bbox 176 1803 1238 1896">
     <span class='ocr_line' id='line_1_14' title="bbox 176 1803 1238 1896; baseline -0.006 -22"><span class='ocrx_word' id='word_1_91' title='bbox 176 1831 260 1874; x_wconf 88' lang='lat' dir='ltr'>vera</span> <span class='ocrx_word' id='word_1_92' title='bbox 277 1809 369 1896; x_wconf 91' lang='lat' dir='ltr'>loqui</span> <span class='ocrx_word' id='word_1_93' title='bbox 386 1808 506 1893; x_wconf 79' lang='lat' dir='ltr'>sinitis,</span> <span class='ocrx_word' id='word_1_94' title='bbox 526 1830 593 1873; x_wconf 92' lang='lat' dir='ltr'>non</span> <span class='ocrx_word' id='word_1_95' title='bbox 611 1809 691 1882; x_wconf 93' lang='lat' dir='ltr'>huc,</span> <span class='ocrx_word' id='word_1_96' title='bbox 711 1817 746 1870; x_wconf 89' lang='lat' dir='ltr'>ut</span> <span class='ocrx_word' id='word_1_97' title='bbox 761 1824 872 1890; x_wconf 90' lang='lat' dir='ltr'>opaca</span> <span class='ocrx_word' id='word_1_98' title='bbox 888 1803 1042 1870; x_wconf 84' lang='lat' dir='ltr'>viderem</span> <span class='ocrx_word' id='word_1_99' title='bbox 1199 1838 1238 1878; x_wconf 81' lang='lat'>20</span> 
     </span>
    </p>

    <p class='ocr_par' dir='ltr' id='par_1_14' title="bbox 177 1911 1088 1990">
     <span class='ocr_line' id='line_1_15' title="bbox 177 1911 1088 1990; baseline -0.013 -10"><span class='ocrx_word' id='word_1_100' title='bbox 177 1915 339 1989; x_wconf 87' lang='lat' dir='ltr'>Tartara,</span> <span class='ocrx_word' id='word_1_101' title='bbox 357 1914 533 1990; x_wconf 90' lang='lat' dir='ltr'>descendi,</span> <span class='ocrx_word' id='word_1_102' title='bbox 552 1914 680 1979; x_wconf 84' lang='lat' dir='ltr'>necati</span> <span class='ocrx_word' id='word_1_103' title='bbox 697 1913 818 1977; x_wconf 90' lang='lat' dir='ltr'>villosa</span> <span class='ocrx_word' id='word_1_104' title='bbox 835 1911 986 1976; x_wconf 88' lang='lat' dir='ltr'>colubris</span> <span class='ocrx_word' id='word_1_105' title='bbox 1083 1961 1088 1968; x_wconf 91' lang='lat'>.</span> 
     </span>
    </p>

    <p class='ocr_par' dir='ltr' id='par_1_15' title="bbox 176 2017 980 2108">
     <span class='ocr_line' id='line_1_16' title="bbox 176 2017 980 2108; baseline -0.007 -22"><span class='ocrx_word' id='word_1_106' title='bbox 176 2032 274 2086; x_wconf 89' lang='lat' dir='ltr'>terna</span> <span class='ocrx_word' id='word_1_107' title='bbox 291 2019 472 2086; x_wconf 87' lang='lat' dir='ltr'>Medusaei</span> <span class='ocrx_word' id='word_1_108' title='bbox 489 2020 653 2085; x_wconf 85' lang='lat' dir='ltr'>vincirem</span> <span class='ocrx_word' id='word_1_109' title='bbox 672 2030 809 2108; x_wconf 86' lang='lat' dir='ltr'>guttura</span> <span class='ocrx_word' id='word_1_110' title='bbox 826 2017 980 2084; x_wconf 78' lang='lat' dir='ltr'>monstri.</span> 
     </span>
    </p>

    <p class='ocr_par' dir='ltr' id='par_1_16' title="bbox 178 2125 1073 2216">
     <span class='ocr_line' id='line_1_17' title="bbox 178 2125 1073 2216; baseline -0.002 -24"><span class='ocrx_word' id='word_1_111' title='bbox 178 2147 284 2192; x_wconf 89' lang='lat' dir='ltr'>causa</span> <span class='ocrx_word' id='word_1_112' title='bbox 300 2127 377 2192; x_wconf 89' lang='lat' dir='ltr'>viae</span> <span class='ocrx_word' id='word_1_113' title='bbox 394 2127 558 2216; x_wconf 87' lang='lat' dir='ltr'>conjunx,</span> <span class='ocrx_word' id='word_1_114' title='bbox 576 2125 612 2190; x_wconf 90' lang='lat' dir='ltr'>in</span> <span class='ocrx_word' id='word_1_115' title='bbox 629 2137 732 2213; x_wconf 83' lang='lat' dir='ltr'>quarn</span> <span class='ocrx_word' id='word_1_116' title='bbox 750 2125 882 2190; x_wconf 89' lang='lat' dir='ltr'>calcata</span> <span class='ocrx_word' id='word_1_117' title='bbox 899 2145 1073 2206; x_wconf 88' lang='lat' dir='ltr'>venenum</span> 
     </span>
    </p>

    <p class='ocr_par' dir='ltr' id='par_1_17' title="bbox 177 2231 1032 2319">
     <span class='ocr_line' id='line_1_18' title="bbox 177 2231 1032 2319; baseline -0.007 -19"><span class='ocrx_word' id='word_1_118' title='bbox 177 2233 295 2319; x_wconf 89' lang='lat' dir='ltr'>vipera</span> <span class='ocrx_word' id='word_1_119' title='bbox 312 2232 459 2307; x_wconf 87' lang='lat' dir='ltr'>diffudit,</span> <span class='ocrx_word' id='word_1_120' title='bbox 478 2244 739 2318; x_wconf 88' lang='lat' dir='ltr'>crescentesque</span> <span class='ocrx_word' id='word_1_121' title='bbox 757 2231 895 2297; x_wconf 90' lang='lat' dir='ltr'>abstulit</span> <span class='ocrx_word' id='word_1_122' title='bbox 910 2251 1032 2298; x_wconf 86' lang='lat' dir='ltr'>annos.</span> 
     </span>
    </p>

    <p class='ocr_par' dir='ltr' id='par_1_18' title="bbox 178 2337 1236 2426">
     <span class='ocr_line' id='line_1_19' title="bbox 178 2337 1236 2426; baseline -0.004 -22"><span class='ocrx_word' id='word_1_123' title='bbox 178 2359 280 2426; x_wconf 89' lang='lat' dir='ltr'>posse</span> <span class='ocrx_word' id='word_1_124' title='bbox 296 2339 366 2425; x_wconf 87' lang='lat' dir='ltr'>pati</span> <span class='ocrx_word' id='word_1_125' title='bbox 382 2339 489 2413; x_wconf 90' lang='lat' dir='ltr'>volui,</span> <span class='ocrx_word' id='word_1_126' title='bbox 507 2359 572 2404; x_wconf 90' lang='lat' dir='ltr'>nec</span> <span class='ocrx_word' id='word_1_127' title='bbox 589 2359 644 2404; x_wconf 89' lang='lat' dir='ltr'>me</span> <span class='ocrx_word' id='word_1_128' title='bbox 660 2349 845 2423; x_wconf 83' lang='lat' dir='ltr'>temptasse</span> <span class='ocrx_word' id='word_1_129' title='bbox 862 2337 1021 2426; x_wconf 87' lang='lat' dir='ltr'>negabo:</span> <span class='ocrx_word' id='word_1_130' title='bbox 1199 2369 1236 2425; x_wconf 77' lang='lat'>25</span> 
     </span>
    </p>

    <p class='ocr_par' dir='ltr' id='par_1_19' title="bbox 178 2444 1198 2530">
     <span class='ocr_line' id='line_1_20' title="bbox 178 2444 1198 2530; baseline 0 -19"><span class='ocrx_word' id='word_1_131' title='bbox 178 2445 259 2511; x_wconf 89' lang='lat' dir='ltr'>vicit</span> <span class='ocrx_word' id='word_1_132' title='bbox 275 2444 396 2510; x_wconf 86' lang='lat' dir='ltr'>Amor.</span> <span class='ocrx_word' id='word_1_133' title='bbox 446 2444 580 2530; x_wconf 89' lang='lat' dir='ltr'>Supera</span> <span class='ocrx_word' id='word_1_134' title='bbox 598 2444 682 2510; x_wconf 92' lang='lat' dir='ltr'>deus</span> <span class='ocrx_word' id='word_1_135' title='bbox 699 2445 756 2510; x_wconf 91' lang='lat' dir='ltr'>hic</span> <span class='ocrx_word' id='word_1_136' title='bbox 770 2444 860 2509; x_wconf 88' lang='lat' dir='ltr'>bene</span> <span class='ocrx_word' id='word_1_137' title='bbox 878 2455 976 2509; x_wconf 89' lang='lat' dir='ltr'>notus</span> <span class='ocrx_word' id='word_1_138' title='bbox 994 2445 1030 2508; x_wconf 92' lang='lat' dir='ltr'>in</span> <span class='ocrx_word' id='word_1_139' title='bbox 1046 2464 1107 2512; x_wconf 90' lang='lat' dir='ltr'>ora</span> <span class='ocrx_word' id='word_1_140' title='bbox 1125 2457 1198 2512; x_wconf 81' lang='lat' dir='ltr'>est:</span> 
     </span>
    </p>

    <p class='ocr_par' dir='ltr' id='par_1_20' title="bbox 179 2549 1175 2640">
     <span class='ocr_line' id='line_1_21' title="bbox 179 2549 1175 2640; baseline 0 -24"><span class='ocrx_word' id='word_1_141' title='bbox 179 2573 224 2616; x_wconf 90' lang='lat' dir='ltr'>an</span> <span class='ocrx_word' id='word_1_142' title='bbox 241 2552 282 2618; x_wconf 87' lang='lat' dir='ltr'>sit</span> <span class='ocrx_word' id='word_1_143' title='bbox 299 2551 416 2626; x_wconf 88' lang='lat' dir='ltr'>ethic,</span> <span class='ocrx_word' id='word_1_144' title='bbox 435 2551 563 2626; x_wconf 94' lang='lat' dir='ltr'>dubito,</span> <span class='ocrx_word' id='word_1_145' title='bbox 583 2551 693 2616; x_wconf 87' lang='lat' dir='ltr'>sedet</span> <span class='ocrx_word' id='word_1_146' title='bbox 710 2549 766 2616; x_wconf 92' lang='lat' dir='ltr'>hic</span> <span class='ocrx_word' id='word_1_147' title='bbox 782 2562 899 2615; x_wconf 91' lang='lat' dir='ltr'>tamen</span> <span class='ocrx_word' id='word_1_148' title='bbox 917 2571 1068 2640; x_wconf 87' lang='lat' dir='ltr'>auguror</span> <span class='ocrx_word' id='word_1_149' title='bbox 1084 2574 1175 2618; x_wconf 89' lang='lat' dir='ltr'>esse.</span> 
     </span>
    </p>

    <p class='ocr_par' dir='ltr' id='par_1_21' title="bbox 178 2657 1004 2746">
     <span class='ocr_line' id='line_1_22' title="bbox 178 2657 1004 2746; baseline -0.001 -23"><span class='ocrx_word' id='word_1_150' title='bbox 178 2659 338 2746; x_wconf 80' lang='lat' dir='ltr'>famaque</span> <span class='ocrx_word' id='word_1_151' title='bbox 354 2658 383 2724; x_wconf 91' lang='lat' dir='ltr'>si</span> <span class='ocrx_word' id='word_1_152' title='bbox 399 2658 522 2724; x_wconf 89' lang='lat' dir='ltr'>veteris</span> <span class='ocrx_word' id='word_1_153' title='bbox 539 2679 608 2723; x_wconf 91' lang='lat' dir='ltr'>non</span> <span class='ocrx_word' id='word_1_154' title='bbox 624 2668 676 2723; x_wconf 91' lang='lat' dir='ltr'>est</span> <span class='ocrx_word' id='word_1_155' title='bbox 692 2657 831 2723; x_wconf 90' lang='lat' dir='ltr'>mentita</span> <span class='ocrx_word' id='word_1_156' title='bbox 849 2658 1004 2744; x_wconf 89' lang='lat' dir='ltr'>rapinae,</span> 
     </span>
    </p>

    <p class='ocr_par' dir='ltr' id='par_1_22' title="bbox 177 2761 1237 2854">
     <span class='ocr_line' id='line_1_23' title="bbox 177 2761 1237 2854; baseline 0.001 -23"><span class='ocrx_word' id='word_1_157' title='bbox 177 2787 240 2831; x_wconf 91' lang='lat' dir='ltr'>vos</span> <span class='ocrx_word' id='word_1_158' title='bbox 264 2786 400 2852; x_wconf 87' lang='lat' dir='ltr'>quoque</span> <span class='ocrx_word' id='word_1_159' title='bbox 427 2765 542 2853; x_wconf 88' lang='lat' dir='ltr'>junxit</span> <span class='ocrx_word' id='word_1_160' title='bbox 563 2761 680 2828; x_wconf 87' lang='lat' dir='ltr'>Amor.</span> <span class='ocrx_word' id='word_1_161' title='bbox 726 2763 794 2830; x_wconf 90' lang='lat' dir='ltr'>Per</span> <span class='ocrx_word' id='word_1_162' title='bbox 822 2786 888 2853; x_wconf 81' lang='lat' dir='ltr'>ego</span> <span class='ocrx_word' id='word_1_163' title='bbox 912 2767 998 2831; x_wconf 85' lang='lat' dir='ltr'>haec</span> <span class='ocrx_word' id='word_1_164' title='bbox 1024 2766 1104 2832; x_wconf 91' lang='lat' dir='ltr'>loca</span> <span class='ocrx_word' id='word_1_165' title='bbox 1130 2766 1237 2854; x_wconf 91' lang='lat' dir='ltr'>plena</span> 
     </span>
    </p>

    <p class='ocr_par' dir='ltr' id='par_1_23' title="bbox 312 2870 940 2944">
     <span class='ocr_line' id='line_1_24' title="bbox 312 2870 940 2944; baseline -0.003 -9"><span class='ocrx_word' id='word_1_166' title='bbox 312 2870 457 2944; x_wconf 88' lang='lat' dir='ltr'>timoris,</span> <span class='ocrx_word' id='word_1_167' title='bbox 938 2872 940 2876; x_wconf 84' lang='grc'><strong>’</strong></span> 
     </span>
    </p>

    <p class='ocr_par' dir='ltr' id='par_1_24' title="bbox 179 2975 1237 3068">
     <span class='ocr_line' id='line_1_25' title="bbox 179 2975 1237 3068; baseline 0.009 -28"><span class='ocrx_word' id='word_1_168' title='bbox 179 2997 241 3062; x_wconf 89' lang='lat' dir='ltr'>per</span> <span class='ocrx_word' id='word_1_169' title='bbox 255 2975 374 3042; x_wconf 87' lang='lat' dir='ltr'>Chaos</span> <span class='ocrx_word' id='word_1_170' title='bbox 391 2976 457 3040; x_wconf 92' lang='lat' dir='ltr'>hoc</span> <span class='ocrx_word' id='word_1_171' title='bbox 474 2977 611 3064; x_wconf 88' lang='lat' dir='ltr'>ingens,</span> <span class='ocrx_word' id='word_1_172' title='bbox 627 2977 785 3066; x_wconf 83' lang='lat' dir='ltr'>vastique</span> <span class='ocrx_word' id='word_1_173' title='bbox 802 2977 936 3046; x_wconf 90' lang='lat' dir='ltr'>silentia</span> <span class='ocrx_word' id='word_1_174' title='bbox 952 2975 1066 3068; x_wconf 78' lang='lat' dir='ltr'>regni,</span> <span class='ocrx_word' id='word_1_175' title='bbox 1199 3009 1237 3064; x_wconf 86' lang='lat'>30</span> 
     </span>
    </p>

    <p class='ocr_par' dir='ltr' id='par_1_25' title="bbox 179 3079 934 3167">
     <span class='ocr_line' id='line_1_26' title="bbox 179 3079 934 3167; baseline 0.003 -23"><span class='ocrx_word' id='word_1_176' title='bbox 179 3079 383 3167; x_wconf 85' lang='lat' dir='ltr'>Eurydices,</span> <span class='ocrx_word' id='word_1_177' title='bbox 401 3101 474 3154; x_wconf 88' lang='lat' dir='ltr'>oro,</span> <span class='ocrx_word' id='word_1_178' title='bbox 493 3087 675 3165; x_wconf 87' lang='lat' dir='ltr'>properata</span> <span class='ocrx_word' id='word_1_179' title='bbox 691 3083 834 3148; x_wconf 88' lang='lat' dir='ltr'>retexite</span> <span class='ocrx_word' id='word_1_180' title='bbox 852 3084 934 3150; x_wconf 87' lang='lat' dir='ltr'>sata.</span> 
     </span>
    </p>

    <p class='ocr_par' dir='ltr' id='par_1_26' title="bbox 178 3180 968 3277">
     <span class='ocr_line' id='line_1_27' title="bbox 178 3180 968 3277; baseline 0.008 -27"><span class='ocrx_word' id='word_1_181' title='bbox 178 3180 295 3251; x_wconf 90' lang='lat' dir='ltr'>omnia</span> <span class='ocrx_word' id='word_1_182' title='bbox 311 3187 476 3252; x_wconf 90' lang='lat' dir='ltr'>debemur</span> <span class='ocrx_word' id='word_1_183' title='bbox 490 3187 600 3263; x_wconf 87' lang='lat' dir='ltr'>vobis,</span> <span class='ocrx_word' id='word_1_184' title='bbox 619 3189 830 3277; x_wconf 87' lang='lat' dir='ltr'>paulumque</span> <span class='ocrx_word' id='word_1_185' title='bbox 847 3189 968 3256; x_wconf 88' lang='lat' dir='ltr'>morati</span> 
     </span>
    </p>

    <p class='ocr_par' dir='ltr' id='par_1_27' title="bbox 179 3292 1050 3381">
     <span class='ocr_line' id='line_1_28' title="bbox 179 3292 1050 3381; baseline 0.003 -24"><span class='ocrx_word' id='word_1_186' title='bbox 179 3292 288 3357; x_wconf 90' lang='lat' dir='ltr'>serius</span> <span class='ocrx_word' id='word_1_187' title='bbox 305 3305 363 3358; x_wconf 91' lang='lat' dir='ltr'>aut</span> <span class='ocrx_word' id='word_1_188' title='bbox 379 3293 477 3358; x_wconf 88' lang='lat' dir='ltr'>citius</span> <span class='ocrx_word' id='word_1_189' title='bbox 494 3294 610 3359; x_wconf 87' lang='lat' dir='ltr'>sedem</span> <span class='ocrx_word' id='word_1_190' title='bbox 627 3316 854 3381; x_wconf 89' lang='lat' dir='ltr'>properamus</span> <span class='ocrx_word' id='word_1_191' title='bbox 871 3298 914 3362; x_wconf 90' lang='lat' dir='ltr'>ad</span> <span class='ocrx_word' id='word_1_192' title='bbox 932 3317 1050 3362; x_wconf 84' lang='lat' dir='ltr'>unam.</span> 
     </span>
    </p>

    <p class='ocr_par' dir='ltr' id='par_1_28' title="bbox 179 3398 1211 3490">
     <span class='ocr_line' id='line_1_29' title="bbox 179 3398 1211 3490; baseline 0.006 -28"><span class='ocrx_word' id='word_1_193' title='bbox 179 3398 350 3464; x_wconf 88' lang='lat' dir='ltr'>tendimus</span> <span class='ocrx_word' id='word_1_194' title='bbox 367 3399 435 3463; x_wconf 92' lang='lat' dir='ltr'>huc</span> <span class='ocrx_word' id='word_1_195' title='bbox 450 3422 584 3475; x_wconf 86' lang='lat' dir='ltr'>omnes,</span> <span class='ocrx_word' id='word_1_196' title='bbox 603 3402 690 3467; x_wconf 87' lang='lat' dir='ltr'>haec</span> <span class='ocrx_word' id='word_1_197' title='bbox 707 3413 759 3468; x_wconf 89' lang='lat' dir='ltr'>est</span> <span class='ocrx_word' id='word_1_198' title='bbox 774 3403 896 3468; x_wconf 90' lang='lat' dir='ltr'>domus</span> <span class='ocrx_word' id='word_1_199' title='bbox 913 3404 1053 3478; x_wconf 82' lang='lat' dir='ltr'>ultima3</span> <span class='ocrx_word' id='word_1_200' title='bbox 1079 3424 1211 3490; x_wconf 90' lang='lat' dir='ltr'>vosque</span> 
     </span>
    </p>

    <p class='ocr_par' dir='ltr' id='par_1_29' title="bbox 180 3505 1235 3596">
     <span class='ocr_line' id='line_1_30' title="bbox 180 3505 1235 3596; baseline 0.009 -28"><span class='ocrx_word' id='word_1_201' title='bbox 180 3505 319 3568; x_wconf 88' lang='lat' dir='ltr'>humani</span> <span class='ocrx_word' id='word_1_202' title='bbox 338 3506 475 3592; x_wconf 87' lang='lat' dir='ltr'>generis</span> <span class='ocrx_word' id='word_1_203' title='bbox 492 3507 695 3595; x_wconf 82' lang='lat' dir='ltr'>longissima</span> <span class='ocrx_word' id='word_1_204' title='bbox 712 3530 821 3596; x_wconf 85' lang='lat' dir='ltr'>regna</span> <span class='ocrx_word' id='word_1_205' title='bbox 838 3511 971 3575; x_wconf 88' lang='lat' dir='ltr'>tenetis.</span> <span class='ocrx_word' id='word_1_206' title='bbox 1200 3540 1235 3596; x_wconf 87' lang='lat'>35</span> 
     </span>
    </p>

    <p class='ocr_par' dir='ltr' id='par_1_30' title="bbox 179 3609 1130 3701">
     <span class='ocr_line' id='line_1_31' title="bbox 179 3609 1130 3701; baseline 0.008 -30"><span class='ocrx_word' id='word_1_207' title='bbox 179 3609 267 3673; x_wconf 92' lang='lat' dir='ltr'>haec</span> <span class='ocrx_word' id='word_1_208' title='bbox 283 3628 431 3695; x_wconf 89' lang='lat' dir='ltr'>quoque,</span> <span class='ocrx_word' id='word_1_209' title='bbox 451 3631 527 3676; x_wconf 85' lang='lat' dir='ltr'>curn</span> <span class='ocrx_word' id='word_1_210' title='bbox 542 3612 652 3698; x_wconf 86' lang='lat' dir='ltr'>justos</span> <span class='ocrx_word' id='word_1_211' title='bbox 669 3624 802 3677; x_wconf 90' lang='lat' dir='ltr'>matura</span> <span class='ocrx_word' id='word_1_212' title='bbox 819 3613 990 3701; x_wconf 86' lang='lat' dir='ltr'>peregerit</span> <span class='ocrx_word' id='word_1_213' title='bbox 1006 3633 1130 3689; x_wconf 91' lang='lat' dir='ltr'>annos,</span> 
     </span>
    </p>

    <p class='ocr_par' dir='ltr' id='par_1_31' title="bbox 178 3713 1069 3803">
     <span class='ocr_line' id='line_1_32' title="bbox 178 3713 1069 3803; baseline 0.007 -27"><span class='ocrx_word' id='word_1_214' title='bbox 178 3713 263 3802; x_wconf 86' lang='lat' dir='ltr'>juris</span> <span class='ocrx_word' id='word_1_215' title='bbox 279 3713 342 3779; x_wconf 89' lang='lat' dir='ltr'>erit</span> <span class='ocrx_word' id='word_1_216' title='bbox 357 3717 472 3782; x_wconf 84' lang='lat' dir='ltr'>vestri.</span> <span class='ocrx_word' id='word_1_217' title='bbox 522 3717 590 3783; x_wconf 93' lang='lat' dir='ltr'>Pro</span> <span class='ocrx_word' id='word_1_218' title='bbox 607 3739 749 3783; x_wconf 88' lang='lat' dir='ltr'>munere</span> <span class='ocrx_word' id='word_1_219' title='bbox 766 3719 939 3803; x_wconf 90' lang='lat' dir='ltr'>poscimus</span> <span class='ocrx_word' id='word_1_220' title='bbox 956 3741 1069 3784; x_wconf 89' lang='lat' dir='ltr'>usum.</span> 
     </span>
    </p>
   </div>
   <div class='ocr_carea' id='block_1_3' title="bbox 128 3818 1180 4016">
    <p class='ocr_par' dir='ltr' id='par_1_32' title="bbox 128 3818 1180 4016">
     <span class='ocr_line' id='line_1_33' title="bbox 179 3818 1180 3914; baseline 0.011 -33"><span class='ocrx_word' id='word_1_221' title='bbox 179 3818 271 3904; x_wconf 92' lang='lat' dir='ltr'>quod</span> <span class='ocrx_word' id='word_1_222' title='bbox 287 3819 315 3884; x_wconf 91' lang='lat' dir='ltr'>si</span> <span class='ocrx_word' id='word_1_223' title='bbox 332 3821 402 3887; x_wconf 91' lang='lat' dir='ltr'>sata</span> <span class='ocrx_word' id='word_1_224' title='bbox 419 3833 549 3910; x_wconf 86' lang='lat' dir='ltr'>negant</span> <span class='ocrx_word' id='word_1_225' title='bbox 564 3824 701 3888; x_wconf 90' lang='lat' dir='ltr'>veniam</span> <span class='ocrx_word' id='word_1_226' title='bbox 718 3846 780 3910; x_wconf 91' lang='lat' dir='ltr'>pro</span> <span class='ocrx_word' id='word_1_227' title='bbox 798 3825 959 3914; x_wconf 84' lang='lat' dir='ltr'>conjuge,</span> <span class='ocrx_word' id='word_1_228' title='bbox 978 3837 1108 3892; x_wconf 89' lang='lat' dir='ltr'>certum</span> <span class='ocrx_word' id='word_1_229' title='bbox 1127 3836 1180 3892; x_wconf 89' lang='lat' dir='ltr'>est</span> 
     </span>
     <span class='ocr_line' id='line_1_34' title="bbox 128 3925 965 4016; baseline 0.012 -29"><span class='ocrx_word' id='word_1_230' title='bbox 128 3985 134 3996; x_wconf 87' lang='grc'><strong><em>,</em></strong></span> <span class='ocrx_word' id='word_1_231' title='bbox 179 3925 271 3989; x_wconf 90' lang='lat' dir='ltr'>nolle</span> <span class='ocrx_word' id='word_1_232' title='bbox 287 3926 399 3993; x_wconf 87' lang='lat' dir='ltr'>redire</span> <span class='ocrx_word' id='word_1_233' title='bbox 416 3929 521 3992; x_wconf 88' lang='lat' dir='ltr'>mihi:</span> <span class='ocrx_word' id='word_1_234' title='bbox 546 3929 613 3993; x_wconf 91' lang='lat' dir='ltr'>leto</span> <span class='ocrx_word' id='word_1_235' title='bbox 628 3931 778 4016; x_wconf 87' lang='lat' dir='ltr'>gaudete</span> <span class='ocrx_word' id='word_1_236' title='bbox 795 3931 965 3996; x_wconf 91' lang='lat' dir='ltr'>duorum.&#39;</span> 
     </span>
    </p>
   </div>
   <div class='ocr_carea' id='block_1_4' title="bbox 224 4029 1243 4124">
    <p class='ocr_par' dir='ltr' id='par_1_33' title="bbox 224 4029 1243 4124">
     <span class='ocr_line' id='line_1_35' title="bbox 224 4029 1243 4124; baseline 0.011 -31"><span class='ocrx_word' id='word_1_237' title='bbox 224 4029 328 4097; x_wconf 87' lang='lat' dir='ltr'>Talia</span> <span class='ocrx_word' id='word_1_238' title='bbox 344 4033 515 4098; x_wconf 86' lang='lat' dir='ltr'>dicentem</span> <span class='ocrx_word' id='word_1_239' title='bbox 531 4055 723 4123; x_wconf 86' lang='lat' dir='ltr'>nervosque</span> <span class='ocrx_word' id='word_1_240' title='bbox 739 4036 784 4101; x_wconf 90' lang='lat' dir='ltr'>ad</span> <span class='ocrx_word' id='word_1_241' title='bbox 800 4038 906 4102; x_wconf 90' lang='lat' dir='ltr'>verba</span> <span class='ocrx_word' id='word_1_242' title='bbox 923 4049 1117 4104; x_wconf 89' lang='lat' dir='ltr'>moventem</span> <span class='ocrx_word' id='word_1_243' title='bbox 1200 4069 1243 4124; x_wconf 84' lang='lat'>40</span> 
     </span>
    </p>
   </div>
   <div class='ocr_carea' id='block_1_5' title="bbox 0 0 1391 4467">
    <p class='ocr_par' dir='ltr' id='par_1_34' title="bbox 0 0 1391 4467">
     <span class='ocr_line' id='line_1_36' title="bbox 0 0 1391 4467; baseline 0 0"><span class='ocrx_word' id='word_1_244' title='bbox 0 0 1391 4467; x_wconf 95' lang='lat' dir='ltr'> </span> 
     </span>
    </p>
   </div>
  </div>
 </body>
</html>
