2767 4467
162 291 206 365 54
415 242 496 341 'Tae
530 274 747 362 Wundering
764 274 814 362 of
832 271 949 341 Ceres.
1070 291 1214 364 [mmm

160 472 253 538 venit
269 480 302 537 et
319 472 362 537 ad
379 470 535 559 Cyanen.
584 471 635 535 Ea
653 470 687 535 ni
705 480 833 535 mutata
851 469 981 546 suisset,
1072 507 1075 513 ,
1160 490 1214 559 465

160 579 276 643 omnia
293 591 484 652 narrassem
509 579 571 643 sed
588 590 621 643 et
636 599 674 642 os
691 582 724 642 et
740 578 861 663 lingua
876 576 1003 642 volenti

161 684 275 749 dicere
291 705 361 748 non
379 684 533 758 aderant,
552 704 617 748 nec
631 705 700 770 quo
717 684 925 769 loqueretur,
944 683 1104 749 habebat.

161 789 262 876 signa
277 799 392 854 tamen
411 790 590 854 manifesta
607 790 713 863 dedit,
731 798 916 874 notamque
933 791 1079 875 parenti,

160 897 219 962 illo
236 895 320 961 sorte
338 896 413 961 loco
429 896 610 980 delapsam*
624 895 658 959 in
674 894 813 982 gurgite
828 915 941 970 sacro,

161 1002 401 1088 Persephones
417 1022 540 1067 zonam
556 1001 700 1066 summis
715 1000 863 1066 ostendit
878 1000 912 1064 in
930 1001 1044 1067 undis.
1159 1034 1214 1088 470

161 1130 264 1195 quam
282 1108 383 1174 simul
401 1106 554 1195 agnovit,
572 1117 747 1193 tamquam
763 1116 845 1171 tunc
861 1106 1010 1195 denique
1026 1119 1161 1195 raptam

161 1216 291 1290 scisset,
309 1214 483 1280 inornatos
500 1212 641 1277 laniavit
657 1212 736 1277 diva
753 1211 911 1298 capillos,

160 1333 193 1387 et
208 1320 351 1407 repetita
368 1320 438 1386 suis
455 1318 623 1405 percussit
638 1332 778 1405 pectora
793 1319 931 1405 palmis.

160 1428 269 1493 nescit
285 1428 399 1492 adhuc
415 1426 473 1491 ubi
489 1426 553 1501 sit;
576 1436 685 1492 terras
701 1435 817 1490 tamen
833 1425 989 1512 increpat
1003 1446 1139 1503 omnes,

160 1534 380 1622 ingratasque
396 1542 508 1608 vocat,
526 1552 593 1598 nec
608 1532 748 1619 frugum
765 1552 906 1597 munere
923 1531 1069 1619 dignas:
1087 1550 1116 1598 a.
1159 1562 1212 1619 475

159 1640 376 1706 Trinacriam
394 1651 473 1704 ante
490 1639 589 1714 alias,
606 1638 642 1703 in
658 1659 727 1725 qua
742 1637 889 1725 vestigia
904 1638 1022 1704 damni

160 1746 318 1833 repperit.
366 1744 462 1833 Ergo
477 1745 548 1811 illic
564 1765 669 1811 saeva
684 1743 850 1810 vertentia
867 1744 990 1831 glebas

160 1852 261 1939 fregit
278 1863 389 1917 aratra
409 1873 528 1927 manu,
546 1851 714 1937 parilique
729 1850 815 1915 irata
832 1851 973 1915 colonos

159 1959 393 2045 ruricolasque
408 1959 514 2023 boves
531 1959 598 2024 leto
616 1957 721 2033 dedit,
740 1978 891 2044 arvaque
903 1956 1005 2045 jussit

160 2065 279 2131 fallere
296 2064 501 2150 depositum,
519 2064 704 2151 vitiataque
720 2063 854 2128 semina
870 2062 961 2129 fecit.
1159 2083 1214 2148 480

160 2171 313 2237 fertilitas
329 2183 439 2236 terrae
455 2172 562 2235 latum
577 2171 721 2257 vulgata
737 2190 799 2255 per
814 2170 933 2235 orbem

159 2276 247 2343 falsa
260 2277 373 2364 jacet3
398 2277 517 2363 primis
533 2288 669 2365 segetes
687 2275 878 2341 moriuntur
892 2276 929 2340 in
946 2274 1074 2351 herbis,

160 2395 193 2448 et
209 2384 311 2449 modo
327 2385 378 2448 sol
395 2384 533 2458 nimius,
552 2384 677 2449 nimius
693 2383 797 2447 modo
813 2381 952 2467 corripit
967 2382 1099 2465 imber3

160 2490 341 2578 sideraque
358 2490 518 2576 ventique
535 2500 672 2564 nocent,
689 2488 883 2575 avidaeque
898 2488 1057 2553 volucres

160 2598 292 2662 semina
305 2597 398 2686 jacta
414 2597 556 2685 legunt3
580 2596 699 2661 lolium
716 2595 897 2681 tribulique
914 2594 1060 2683 fatigant
1159 2614 1211 2681 485

82 2762 89 2769 ,
160 2704 308 2769 triticeas
326 2724 467 2779 messes,
487 2714 520 2769 et
536 2702 808 2791 inexpugnabile
825 2722 1001 2790 gramen-a

204 2811 296 2877 Tum
314 2824 416 2897 caput
433 2812 527 2877 Eleis
543 2805 713 2897 Alpheias
729 2812 846 2876 extulit
861 2810 975 2886 undis,

159 2929 380 3003 rorantesque
397 2938 514 2982 comas
531 2940 551 2982 a
568 2919 677 2983 fronte
695 2918 838 2984 removit
853 2920 899 2984 ad
915 2921 1029 2995 aures,

161 3036 261 3109 atque
280 3023 346 3088 ait:
373 3023 428 3088 ‘O
445 3035 513 3089 toto
529 3025 704 3110 quaesitae
721 3025 864 3113 virginis
880 3026 963 3091 orbe

159 3143 192 3196 et
208 3131 345 3217 frugum
363 3130 525 3217 genitrix,
544 3132 730 3197 immensos
746 3133 825 3197 siste
841 3133 990 3210 labores,
1157 3162 1211 3219 49⁰

160 3258 245 3301 neve
263 3235 322 3303 tibi
339 3238 428 3305 fidae
445 3238 593 3304 violenta
612 3239 761 3304 irascere
778 3250 909 3304 terrae:

159 3356 249 3409 terra
266 3345 351 3409 nihil
369 3345 504 3420 meruit,
524 3345 700 3432 patuitque
716 3345 822 3411 invita
840 3348 994 3432 rapinae.

159 3473 224 3517 nec
241 3473 315 3516 sum
333 3473 395 3537 pro
410 3452 520 3537 patria
537 3453 705 3537 supplex3
732 3453 800 3517 huc
816 3452 950 3537 hospita
964 3451 1064 3517 venir

158 3556 239 3622 Pisa
258 3558 339 3621 mihi
356 3558 465 3642 patria
484 3568 546 3633 est,
565 3568 598 3623 et
615 3558 658 3621 ab
675 3557 776 3623 Elide
793 3558 950 3623 ducimus
967 3570 1072 3623 ortus.

159 3662 335 3727 Sicaniam
352 3663 534 3751 peregrina
552 3664 642 3739 colo,
660 3665 722 3728 sed
739 3664 869 3751 gratior
883 3663 977 3728 omni
1156 3690 1208 3748 495

160 3770 245 3833 haec
262 3769 345 3832 mihi
361 3781 451 3833 terra
463 3771 535 3835 solo
553 3781 614 3834 est.
665 3768 741 3834 Hos
754 3790 848 3834 nunc
859 3768 1033 3834 Arethusa
1051 3780 1208 3855 penates,

158 3874 251 3939 hanc
267 3874 377 3938 habeo
394 3875 532 3949 sedem3
556 3896 660 3960 quarn
677 3886 726 3949 tu,
745 3875 935 3950 mitissima,
955 3898 1067 3941 serva.

159 3991 249 4043 mota
266 3979 342 4043 loco
358 3999 419 4043 cur
435 3979 513 4056 sim,
531 3980 682 4067 tantique
699 4001 762 4065 per
777 3982 936 4067 aequoris
951 3982 1065 4047 undas
