2767 4467
162 309 186 363 1.
203 321 229 376 3,
241 309 301 380 qa]
469 291 655 357 Banr'slred
664 293 769 376 from
793 291 916 358 Rome.
1152 306 1214 378 173

162 486 271 572 Saepe
287 489 410 553 eadem
428 487 594 554 mandata
610 487 703 565 dedi,
722 507 845 574 meque
861 487 935 574 ipse
951 487 1071 566 fefelli,

205 593 410 678 Respiciens
426 594 538 659 oculis
554 593 701 682 pignora
719 615 799 658 cara
817 595 913 659 meis.
1179 611 1214 665 60

162 698 316 786 Denique
334 710 343 741 ‘
358 699 457 785 Quid
482 699 651 786 propero?
675 698 821 788 Scythia
845 712 908 776 est,
933 722 1002 788 quo
1026 700 1213 778 mittimur,’

273 869 283 882 ,
336 829 500 893 inquam3

204 922 213 952 ⁶
229 912 345 976 Roma
360 912 587 999 relinquenda
603 923 673 977 est:
698 923 843 1001 utraque
856 910 949 1002 justa
965 933 1062 980 mora
1078 923 1137 979 est

159 1019 257 1085 Uxor
273 1017 307 1082 in
325 1029 501 1084 aeternum
518 1019 598 1084 vivo
614 1017 698 1082 mihi
714 1019 794 1084 viva
811 1031 971 1107 negatur,

202 1124 247 1189 Et
263 1123 385 1190 domus
401 1136 435 1190 et
450 1125 540 1190 fidae
558 1123 673 1190 dulcia
691 1126 845 1191 membra
862 1126 999 1202 domus,

159 1230 326 1319 Quaque
342 1251 410 1318 ego
426 1231 575 1296 fraterno
592 1230 697 1296 dilexi
716 1252 810 1297 more
827 1233 977 1309 sodales,
1178 1249 1211 1321 65

202 1338 235 1404 0
252 1337 337 1402 mihi
352 1339 493 1402 Thesea
508 1348 648 1422 pectora
661 1337 780 1426 juncta
798 1338 887 1405 fidel

157 1445 251 1510 Dum
267 1445 360 1522 licet,
378 1443 587 1529 amplectar:
612 1466 801 1531 numquam
819 1446 962 1512 sortasse
978 1445 1094 1513 licebit

200 1551 385 1638 Amplius:
404 1551 441 1615 in
457 1551 552 1616 lucro
569 1561 620 1617 est
636 1572 725 1638 quae
742 1553 841 1618 datur
857 1554 941 1618 hora
960 1554 1065 1618 mihi.'

157 1659 233 1726 Nec
250 1681 358 1735 mora,
378 1660 545 1724 sermonis
560 1659 667 1724 verba
684 1659 871 1743 inperfecta
889 1661 1057 1748 relinqu0,

201 1767 446 1852 Complectens
463 1765 578 1831 animo
594 1765 753 1852 proxima
770 1787 926 1854 quaeque
944 1789 1033 1832 meo.
1177 1799 1211 1852 70

158 1874 249 1939 Dum
267 1875 388 1962 loquor
404 1884 437 1938 et
451 1872 587 1948 flemus,
607 1873 704 1938 caelo
721 1872 943 1938 nitidissimus
961 1874 1042 1950 alto,

201 1981 309 2047 Stella
325 1981 443 2069 gravis
458 1980 570 2058 nobis,
588 1979 731 2045 Lucifer
745 1991 838 2046 ortus
854 1993 946 2046 erat:

156 2089 302 2154 Dividor
317 2088 412 2153 haud
428 2087 539 2162 aliter,
557 2108 662 2175 quam
679 2087 706 2153 si
724 2108 802 2153 mea
818 2088 974 2152 membra
990 2087 1195 2174 relinquam,

201 2194 245 2260 Et
261 2217 341 2281 pars
358 2194 516 2279 abrumpi
534 2215 676 2279 corpore
692 2195 768 2260 visa
783 2215 846 2261 suo
864 2204 926 2260 est.

156 2301 216 2367 Sic
232 2302 340 2368 doluit
355 2299 485 2366 Mettus
501 2312 596 2376 tunc,
615 2321 695 2364 curn
712 2300 748 2365 in
764 2300 935 2366 contraria
950 2322 1068 2366 versos
1176 2331 1208 2388 75

201 2409 340 2474 Ultores
356 2407 477 2472 habuit
492 2406 694 2492 proditionis
710 2429 827 2495 equos.

156 2514 249 2580 Tum
264 2536 348 2580 vero
365 2513 516 2579 exoritur
532 2513 663 2579 clamor
679 2515 896 2602 gemitusque
914 2535 1081 2589 meorum,

201 2622 245 2687 Et
260 2621 386 2686 feriunt
402 2631 553 2685 maestae
570 2631 709 2705 pectora
726 2621 819 2685 nuda
836 2642 970 2685 manus.

155 2728 247 2792 Tum
264 2750 347 2793 vero
364 2727 528 2814 conjunx,
547 2725 700 2791 humeris
717 2726 872 2791 abeuntis
888 2727 1084 2803 inhaerens,

200 2833 344 2899 Miscuit
358 2834 446 2898 haec
462 2830 613 2898 lacrimis
629 2831 736 2897 tristia
752 2833 842 2898 dicta
860 2833 952 2898 suis:
1174 2853 1208 2904 80

159 2940 263 3005 ‘Non
280 2951 377 3025 potes
393 2940 517 3004 avellis
542 2939 657 3015 simul,
676 2937 743 3004 ah!
768 2939 868 3004 simul
885 2939 1028 3005 ibimus'
1043 2939 1172 3028 inquit;

202 3047 281 3112 ‘Te
297 3067 422 3133 sequar
437 3057 472 3111 et
486 3045 638 3135 conjunx
653 3045 783 3112 exsulis
800 3047 898 3112 exsul
915 3069 986 3112 ero.

157 3153 201 3218 Et
216 3153 299 3217 mihi
316 3153 407 3218 sacta
422 3152 479 3218 via
494 3163 559 3228 est,
577 3164 611 3217 et
626 3174 681 3218 me
698 3153 790 3238 capit
806 3153 924 3217 ultima
940 3153 1040 3218 tellus
1053 3175 1062 3214 ι

200 3259 380 3325 Accedam
396 3259 566 3347 profugae
582 3259 719 3324 sarcina
735 3280 842 3343 parva
858 3259 934 3323 rati.

156 3365 209 3432 Te
222 3368 320 3456 jubet
336 3389 357 3431 a
372 3367 483 3452 patria
499 3366 675 3431 discedere
692 3365 854 3431 Caesaris
868 3365 932 3442 ira,
1175 3384 1207 3452 85

201 3474 262 3540 Me
279 3475 410 3560 pietas:
434 3474 544 3560 pietas
560 3475 648 3538 haec
664 3473 748 3537 mihi
765 3471 896 3537 Caesar
912 3471 1002 3539 erit!

156 3579 257 3644 Talia
274 3582 475 3667 temptabat,
494 3580 582 3645 sicut
596 3589 821 3664 temptaverat
837 3590 927 3654 ante,

199 3687 340 3775 Vixque
356 3688 451 3753 dedit
464 3687 572 3752 victas
588 3686 731 3751 utilitate
749 3705 882 3748 manus.

157 3793 340 3882 Egredior,
354 3794 483 3859 -sive
500 3792 584 3858 illud
601 3803 674 3858 erat
691 3792 764 3856 sine
781 3791 900 3855 sunere
918 3791 1010 3868 ferri,

200 3901 389 3988 Squalidus
405 3899 556 3963 inmissis
572 3899 661 3962 hirta
677 3917 815 3982 perora
832 3897 948 3962 comis.
1174 3933 1208 3987 90

156 4005 218 4079 Illa
236 4006 354 4070 dolore
372 4025 492 4068 amens
508 4003 657 4066 tenebris
673 4011 830 4062 narratur
846 4001 971 4063 obortis

199 4107 424 4175 Semianimis
440 4104 554 4168 media
570 4098 793 4186 procubuisse
810 4099 932 4168 domo;
