2767 4467
165 307 211 378 94
456 283 528 352 Tae
551 283 670 352 Beata
694 284 743 370 ff
753 282 940 351 Hercules.
1077 301 1233 374 [Menan.

165 503 322 570 pascere,
340 491 373 547 et
387 482 479 548 hanc
494 491 626 566 pestem
640 485 772 567 specta,
791 481 952 557 crudelis,
973 479 1016 546 ab
1034 480 1116 558 alta,

165 609 291 676 corque
307 587 417 653 serum
434 588 531 653 satia.
580 586 646 652 Vel
663 587 692 651 si
711 587 927 652 miserandus
946 598 980 651 et
997 587 1086 654 hosti

165 698 232 762 hoc
247 705 343 760 aestu
359 694 419 759 tibi
436 715 525 770 sum,
544 693 626 759 diris
643 694 849 759 cruciatibus
862 715 1012 782 aegram

164 803 378 888 invisamque
395 801 546 866 animam
557 811 747 887 natamque
764 801 938 867 laboribus
956 804 1066 870 aufer.
1173 823 1232 878 180

165 932 257 975 mors
270 909 351 973 mihi
365 930 491 974 munus
504 907 586 974 erit:
604 908 703 973 decet
716 910 803 974 haec
821 910 905 976 dare
919 913 1010 978 dona
1024 931 1232 978 novercam.

165 1039 250 1105 ergo
266 1038 333 1104 ego
349 1015 544 1081 foedantem
560 1014 745 1103 peregrino
764 1019 893 1104 templa
913 1037 1034 1084 cruore

165 1123 303 1189 Busirin
319 1121 458 1188 domui?
480 1141 653 1208 saevoque
671 1122 834 1189 alimenta
852 1125 1003 1210 parentis

163 1230 301 1296 Antaeo
317 1227 449 1314 eripui?
473 1248 538 1294 nec
555 1249 609 1293 me
625 1230 772 1314 pastoris
792 1231 913 1297 Hiberi

165 1337 275 1402 forma
290 1336 427 1421 triplex,
446 1355 512 1400 nec
526 1333 638 1400 forma
654 1336 779 1424 triplex
796 1349 867 1414 tua,
885 1337 1051 1415 Cerbere,
1071 1337 1203 1405 movit?

163 1465 284 1519 vosne,
303 1463 439 1516 manus,
456 1443 562 1508 validi
580 1444 750 1530 pressistis
766 1464 895 1510 cornua
911 1444 1023 1510 tauri?
1089 1490 1102 1498 ,.

164 1560 314 1615 vestrum
328 1569 415 1633 opus
430 1547 505 1614 Elis
517 1550 634 1626 habet,
650 1561 799 1616 vestrum
814 1549 1078 1638 Stymphalides
1089 1551 1238 1628 undae,

165 1653 457 1741 Partheniumque
474 1656 619 1722 nemus?
643 1668 754 1722 vestra
771 1655 893 1722 virtute
910 1657 1038 1723 relatus

163 1761 480 1828 Thermodontiaco
496 1763 648 1829 caelatus
663 1763 798 1828 balteus
815 1783 914 1838 auro,
1091 1841 1107 1871 ⁸

165 1891 337 1958 pomaque
354 1871 398 1936 ab
415 1870 562 1936 insomni
579 1869 812 1956 concustodita
829 1867 1002 1934 dracone?
1175 1901 1231 1956 190

165 1999 231 2044 nec
248 1977 330 2043 mihi
347 1977 511 2046 Centauri
528 1988 668 2063 potuere
683 1976 855 2072 resistere,
875 1997 940 2042 nec
956 1975 1005 2041 mi

164 2085 340 2152 Arcadiae
355 2092 505 2152 vastator
521 2083 626 2170 aper?
649 2073 715 2150 nec
729 2083 856 2171 proluit
872 2084 1006 2171 hydrae

165 2213 320 2260 crescere
336 2215 399 2280 per
414 2194 593 2265 damnum,
610 2190 837 2278 geminasque
854 2211 1028 2256 resumere
1044 2188 1160 2255 vires?

165 2300 261 2388 quid,
281 2320 360 2366 curn
376 2298 525 2375 Thracis
542 2319 648 2384 equos
665 2297 818 2363 humano
836 2295 1006 2384 sanguine
1023 2295 1193 2390 pingues

165 2406 337 2494 plenaque
353 2406 552 2492 corporibus
568 2403 691 2469 laceris
708 2402 890 2489 praesepia
906 2401 989 2478 vidi,
1174 2431 1226 2488 195

165 2513 307 2600 visaque
324 2513 446 2601 dejeci,
465 2512 710 2596 dominumque
727 2509 888 2596 ipsosque
907 2505 1059 2594 peremi?

166 2619 220 2684 his
236 2620 319 2685 elisa
332 2619 425 2708 jacet
441 2620 549 2697 rnoles
565 2615 742 2682 Nemeaea
759 2615 919 2690 lacertis3

166 2726 232 2789 hac
249 2726 382 2790 caelum
399 2727 533 2792 cervice
550 2723 624 2791 tuli.
673 2721 819 2788 Defessa
832 2720 985 2809 jubendo
1003 2729 1054 2786 est

165 2852 269 2895 saeva
281 2831 377 2918 Jovis
393 2831 564 2920 conjunx:
589 2851 658 2918 ego
672 2850 748 2894 sum
764 2827 957 2893 indefessus
968 2826 1125 2914 agendo.

165 2936 226 3001 sed
243 2957 332 3002 nova
348 2938 453 3020 pestis
470 2939 577 3012 adest,
596 2936 652 3002 cui
669 2955 734 3001 nec
750 2934 872 3000 virtute
887 2933 1016 3010 resisti,
1058 2991 1060 2996 .
1171 2966 1227 3004 200

165 3063 230 3106 nec
245 3041 321 3106 telis
338 3040 510 3128 armisque
525 3053 647 3127 potest.
699 3041 924 3106 Pulmonibus
942 3049 1034 3107 errat

86 3149 89 3154 ’
164 3147 256 3234 ignis
272 3147 362 3212 edax
378 3146 468 3223 imis,
486 3169 615 3234 perque
631 3170 752 3214 ornnes
769 3147 920 3234 pascitur
936 3158 1041 3212 artus.

165 3263 200 3317 at
214 3254 306 3318 valet
322 3251 556 3340 Eurystheusl
581 3252 625 3318 Et
641 3265 733 3328 sunt,
751 3253 809 3340 qui
828 3253 967 3319 credere
984 3251 1118 3338 possint

165 3379 240 3423 esse
257 3356 380 3423 deosi’
426 3356 534 3433 Dixit,
552 3379 681 3445 perque
699 3359 804 3423 altum
823 3359 960 3425 saucius
977 3357 1091 3424 Oeten

166 3464 258 3529 haud
275 3464 373 3529 aliter
388 3464 553 3550 graditur,
571 3485 674 3550 qnam
692 3464 721 3530 si
738 3467 911 3531 venabula
928 3477 1046 3532 taurus
1171 3495 1226 3554 205

165 3591 307 3655 corpore
322 3569 392 3633 fixa
409 3580 518 3657 gerat,
538 3569 685 3657 factique
701 3570 866 3658 refugerit
882 3583 1020 3637 auctor..

165 3696 268 3760 saepe
284 3674 381 3738 illurn
397 3675 545 3761 gemitus
560 3675 731 3750 edentem,
750 3696 853 3760 saepe
869 3677 1087 3754 frementem,

165 3801 269 3864 saepe
286 3790 544 3864 retemptantem
560 3789 648 3844 totas
663 3780 851 3868 refringere
868 3794 993 3859 vestes,

165 3894 439 3970 sternentemque
454 3885 582 3959 trabes,
599 3883 871 3971 irascentemque
888 3887 1025 3955 videres

167 3989 351 4066 montibus,
369 4000 427 4054 aut
441 3989 551 4076 patrio
567 3989 761 4054 tendentem
777 3989 943 4056 bracchia
960 3995 1071 4061 caelo.
1174 4032 1229 4070 210
