2767 4467
136 278 161 333 Ι.
180 278 258 350 215.]
454 258 525 325 The
554 258 653 326 Guilt
676 261 725 347 os
736 259 894 347 Lycaon.

183 467 192 497 ⁴
207 456 290 522 Non
308 478 374 545 ego
391 478 453 543 pro
470 456 589 523 mundi
604 478 714 545 regno
730 456 843 545 magis
860 457 983 524 anxius
998 457 1059 525 illa

135 574 337 649 tempestate
354 564 416 639 fui,
435 584 502 650 qua
520 577 657 629 centum
673 565 817 653 quisque
835 566 979 651 parabat

135 670 517 758 inicere’anguipedum
534 672 669 755 captivo
686 672 828 737 brachia
844 675 952 738 caelo.
1014 711 1018 720 -

136 798 217 841 nam
234 796 444 864 quamquam
460 776 552 843 serus
569 777 675 843 hostis
691 789 776 854 erat,
794 788 909 843 tamen
926 779 1011 847 illud
1027 782 1072 846 ab
1087 803 1158 847 uno

136 905 279 969 corpore
297 894 330 973 et
345 905 389 949 ex
405 903 474 947 una
491 882 812 971 pendebaforigine
829 886 971 951 bellum.

136 1011 228 1055 nunc
245 990 329 1055 mihi
347 1010 414 1076 qua
430 1000 536 1055 totum
553 988 690 1055 Nereus
707 990 1082 1069 circumsonat'orbem,

57 1094 58 1099 ’
136 1097 350 1183 perdendum
368 1107 419 1161 est
436 1096 576 1161 mortale
592 1117 718 1183 genus.
767 1096 835 1161 Per
851 1097 995 1163 flumina
1006 1098 1085 1187 juro

132 1203 245 1269 infera
262 1203 326 1267 sub
343 1214 449 1268 terras
466 1201 590 1289 Stygio
607 1202 865 1279 labentia'luco,

137 1322 261 1375 cuncta
277 1309 371 1395 prius
387 1319 572 1395 temptata3
598 1309 660 1375 sed
676 1308 917 1375 inmedicabile
933 1312 1059 1378 vulnus
1141 1346 1190 1400 190

123 1438 219 1481 ,ense
236 1416 459 1481 recidendum
476 1420 602 1491 est,‘ne
618 1435 698 1500 pars
715 1415 849 1481 sincera
865 1418 1032 1483 trahatur.

136 1534 215 1587 sunt
231 1522 314 1586 mihi
331 1521 485 1598 semidei,
504 1533 583 1587 sunt
598 1521 725 1587 rustica
740 1522 897 1600 numina,
915 1526 1105 1613 nymphae,

135 1629 300 1719 faunique
317 1628 490 1716 satyrique
506 1638 539 1693 et
556 1628 761 1693 monticolae
778 1628 925 1694 Silvani.
1076 1709 1079 1713 .

135 1758 221 1822 quos
239 1735 400 1822 quoniam
418 1734 506 1800 caeli
522 1736 675 1800 nondum
693 1735 879 1822 dignamur
894 1738 1037 1814 honore,

135 1863 222 1929 quas
239 1842 408 1929 dedimus,
428 1853 519 1907 certe
534 1852 642 1907 terras
659 1842 813 1907 habitare
830 1842 1003 1909 sinamus:
1141 1877 1188 1935 195

136 1970 181 2013 an
198 1949 293 2024 satis,
313 1947 345 2013 O
363 1948 490 2033 superi,
508 1958 597 2013 tutos
614 1948 685 2014 fore
703 1947 841 2030 creditis
858 1949 947 2026 illos,

107 2076 109 2081 ·
136 2074 215 2120 cum
232 2055 331 2131 mihi,
349 2054 407 2141 qui
423 2054 566 2137 fulmen,
584 2054 720 2142 quivos
737 2056 915 2143 habeoque
932 2077 1098 2149 regoque,

136 2160 453 2227 struxerit'insidias
470 2172 569 2227 notus
585 2148 718 2229 seiitate
734 2161 920 2250 Lycaoni’

181 2268 429 2334 Contremuere
445 2289 579 2345 omneS,
598 2269 785 2357 studiisque
808 2270 1005 2337 ardentibus
1021 2292 1141 2338 ausum

135 2376 216 2441 talia
234 2375 436 2461 deposcunt.
484 2374 556 2449 Sic,
575 2396 654 2441 cum
672 2398 794 2441 manus
805 2376 917 2462 vimpia
932 2378 1041 2443 saevit
1137 2412 1189 2451 200

136 2482 307 2570 sanguine
326 2480 498 2547 Caesareo
516 2481 716 2548 Romanurn
732 2482 953 2571 exstinguere
968 2506 1108 2559 nomen,

136 2588 315 2653 attonitum
331 2598 424 2653 tanto
441 2588 573 2653 subitae
589 2599 716 2655 terrore
733 2590 854 2655 ruinae

135 2690 326 2760 humanum
343 2714 453 2781 genus
469 2705 521 2760 est
535 2705 692 2782 totusque
709 2696 902 2782 perhorruit
917 2697 1021 2764 orbis.

134 2822 200 2866 nec
217 2800 276 2866 tibi
292 2812 390 2887 grata
407 2802 521 2867 minus
536 2802 658 2887 pietas,
676 2800 848 2890 Auguste,
866 2815 1001 2870 tuorum
1018 2817 1081 2884 est,

133 2928 240 2994 quam
256 2908 318 2971 suit
333 2907 392 2972 illa
404 2908 494 2995 Jovi.
545 2906 616 2995 Qui
633 2921 813 2996 postquam
831 2933 916 2978 voce
934 2934 1107 3001 manuque
1139 2942 1189 2998 205

134 3035 311 3079 murmura
328 3015 542 3101 compressit,
561 3027 701 3081 tenuere
718 3017 853 3083 silentia
870 3019 995 3083 cuncti.

134 3120 281 3186 substitit
296 3133 333 3187 ut
349 3122 490 3197 clamor,
510 3144 648 3207 pressus
665 3124 832 3211 gravitate
849 3125 1014 3212 regentis,

126 3204 288 3315 :luppiter
304 3228 370 3292 hoc
386 3228 508 3292 iterum
525 3250 683 3295 sermone
701 3232 836 3297 silentia
852 3232 963 3317 rupit:

180 3333 269 3398 ‘Ille
285 3335 425 3421 quidem
442 3356 573 3420 poenas
594 3338 731 3424 (curam
748 3338 839 3403 hanc
855 3338 1028 3426 dimittite)
1049 3338 1171 3405 solvit:

33 3428 41 3435 ’
131 3440 226 3527 quod
241 3450 357 3505 tamen
374 3442 576 3519 admissum,
594 3465 684 3530 quae
702 3443 744 3510 sit
758 3444 921 3519 vindicta,
941 3439 1092 3512 docebo,
1137 3478 1189 3515 210

134 3547 325 3635 contigerat
341 3560 475 3639 nostras
491 3550 633 3615 infamia
649 3551 813 3636 temporis
829 3572 950 3617 aures:

131 3675 237 3741 quam
254 3655 398 3741 cupiens
413 3656 550 3732 falsam,
569 3678 703 3722 summo
720 3658 861 3722 delabor
876 3657 1042 3743 Olympo,

131 3772 165 3825 et
180 3762 266 3827 deus
284 3763 437 3827 humana
454 3764 558 3827 lustro
576 3764 639 3828 sub
656 3763 809 3850 imagine
825 3774 944 3829 terras.

131 3868 237 3957 longa
256 3890 354 3933 mora
370 3879 432 3944 est,
451 3880 616 3956 quantum
634 3892 747 3934 noxae
763 3870 806 3933 sit
821 3870 947 3956 ubique
964 3880 1149 3955 repertum,

130 3994 358 4048 enumerare3
384 3974 494 4039 minor
511 3974 572 4039 suit
588 3974 663 4060 ipsa
680 3973 823 4039 infamia
838 3995 933 4039 vero.
1134 4004 1184 4058 215
