2767 4467
121 288 225 354 .IV·10,
242 287 300 357 18.]
399 267 469 333 The
490 267 603 333 Poet’s
625 265 930 355 Autobiograplzy.
1115 281 1179 354 179

125 463 224 529 Tunc
240 485 394 550 quoque,
413 483 490 528 cum
507 484 578 549 pax
593 472 656 538 est,
674 461 847 546 trepidant
862 461 1043 529 formidine
1059 463 1154 538 belli,

166 569 245 634 Nec
262 570 444 656 quisquam
461 590 579 654 presso
595 589 734 633 vomere
751 568 861 632 sulcat
878 568 1033 634 humum.

124 674 192 741 Aut
203 675 311 750 videt,
323 684 383 740 aut
393 675 509 740 metuit
519 675 616 739 locus
626 674 695 749 hic,
708 696 810 760 quem
822 695 890 740 non
903 674 1007 750 videt,
1022 676 1153 740 hostem
1167 722 1176 750 ‚

166 781 292 847 Cessat
309 782 401 846 iners
417 780 530 867 rigido
546 792 636 844 terra
652 780 771 845 relicta
787 779 866 844 situ.
1144 813 1177 866 70

123 887 204 952 Non
222 887 280 952 hic
296 887 481 973 pampinea
499 886 608 951 dulcis
625 886 707 950 latet
722 907 789 950 uva
807 887 869 952 sub
885 887 1021 963 umbra,

164 993 246 1058 Nec
263 993 439 1058 cumulant
456 994 541 1057 altos
558 991 688 1056 fervida
707 1003 816 1056 musta
834 992 943 1057 lacus.

122 1099 233 1165 Poma
249 1110 356 1186 negat
371 1099 490 1186 regio;
516 1120 580 1164 nec
596 1099 739 1163 haberet
752 1097 933 1175 Acontius,
951 1099 987 1165 in
1003 1121 1072 1186 quo

166 1205 343 1271 Scriberet
359 1205 416 1270 hic
432 1205 592 1270 dominae
609 1205 714 1268 verba
730 1205 880 1292 legenda
897 1227 993 1271 suae.

122 1308 309 1393 Aspiceres
326 1309 436 1373 nudos
454 1309 528 1373 sine
546 1308 677 1383 fronde,
697 1307 770 1372 sine
787 1309 922 1385 arbore,
940 1330 1102 1395 campos:
1143 1339 1174 1396 75

169 1415 249 1479 Heu
265 1417 341 1480 loca
359 1414 448 1479 felici
466 1435 535 1479 non
552 1414 711 1479 adeunda
726 1413 822 1479 virol

122 1519 218 1608 Ergo
233 1531 304 1585 tarn
317 1521 389 1590 ,late
405 1530 518 1605 pateat
533 1541 612 1585 curn
633 1519 804 1585 maximus
821 1519 926 1596 orbiS,

168 1626 269 1692 Haec
285 1631 388 1692 estin
404 1648 552 1712 poenam
569 1638 659 1692 terra
675 1638 809 1711 reperta
827 1625 963 1692 meam?

257 1972 289 2040 4.
322 1948 358 2016 Τ
351 1949 395 2016 he
415 1949 527 2017 Poet’s
550 1947 842 2036 Autobtbgraphy
868 1949 932 2038 (iv.
961 1950 1037 2040 10).

125 2164 258 2308 ILLE
275 2186 342 2253 ego
357 2163 415 2252 qui
432 2163 568 2240 fuerim,
584 2173 778 2230 tenerorum
796 2165 889 2230 lusor
906 2186 1074 2240 amorum,
1178 2236 1181 2242 ,

205 2271 321 2357 Quem
339 2271 439 2359 legis,
458 2283 495 2336 ut
510 2270 615 2346 noris,
634 2271 753 2357 accipe
770 2271 961 2357 posteritas.

124 2379 244 2446 Sulmo
262 2380 345 2445 mihi
362 2379 471 2465 patria
487 2390 549 2454 est,
569 2378 693 2467 gelidis
709 2379 901 2445 uberrimus
916 2378 1031 2456 undis,

168 2487 269 2553 Milia
285 2487 343 2575 qui
361 2487 478 2553 novies
496 2487 598 2552 distat
612 2487 656 2553 ab
673 2487 768 2553 Urbe
784 2488 915 2554 decem.

125 2593 245 2662 Editus
262 2596 342 2661 hinc
358 2617 425 2684 ego
441 2617 530 2671 sum,
549 2616 613 2661 nec
629 2617 699 2660 non
714 2608 751 2661 ut
766 2606 920 2681 tempora
936 2593 1040 2670 noris,
1161 2623 1175 2680 5

169 2703 260 2769 Cum
276 2705 399 2770 cecidit
414 2705 483 2770 sato
501 2704 620 2770 consul
636 2715 778 2790 uterque
794 2704 889 2790 pari:

126 2809 163 2876 Si
179 2811 262 2898 quid
277 2811 313 2876 id
328 2822 391 2887 est,
410 2832 520 2898 usque
536 2831 557 2876 a
574 2811 710 2896 proavis
727 2822 823 2876 vetus
841 2809 969 2876 ordinis
987 2809 1100 2885 hereS,

168 2915 250 2982 Non
269 2918 369 2985 modo
386 2918 541 2984 fortunae
560 2941 700 2984 munere
717 2919 826 2985 sactus
843 2939 960 3005 eques.

125 3022 203 3090 Nec
218 3025 319 3110 stirps
335 3025 446 3110 prima
463 3025 533 3091 sui:
559 3017 675 3114 genito
691 3047 768 3092 sum
785 3025 886 3090 fratre
903 3036 1052 3099 creatus,

171 3128 241 3214 Qui
258 3131 366 3196 tribus
383 3142 460 3196 ante
476 3145 597 3218 quater
612 3133 787 3198 mensibus
803 3144 896 3197 ortus
911 3142 996 3196 erat.
1144 3163 1176 3200 ιο

125 3236 267 3302 Lucifer
282 3239 459 3303 amborum
477 3239 647 3305 natalibus
663 3239 770 3304 adfuit
785 3239 898 3304 idem:

169 3343 251 3410 Una
268 3344 439 3408 celebrata
456 3355 508 3409 est
524 3366 585 3430 per
599 3330 668 3412 duo
685 3346 754 3411 liba
771 3347 856 3412 dies.

127 3449 226 3515 Haec
242 3460 293 3516 est
309 3450 489 3516 armiferae
506 3450 601 3516 sestis
618 3452 660 3518 de
676 3453 826 3540 quinque
843 3452 1038 3530 Minervae,

171 3554 273 3640 Quae
289 3556 363 3621 fieri
379 3578 499 3644 pugna
516 3557 627 3642 prirna
643 3570 783 3624 cruenta
800 3561 897 3625 solet.

125 3661 284 3728 Protinus
301 3663 492 3727 excolimur
507 3664 628 3739 teneri,
647 3685 798 3750 curaque
814 3667 963 3750 parentis
1145 3696 1175 3750 15

170 3768 263 3834 Imus
281 3769 326 3833 ad
341 3768 496 3855 insignes
512 3767 618 3834 Urbis
634 3772 677 3834 ab
695 3781 766 3835 arte
781 3772 884 3836 viros.

125 3874 244 3940 Frater
261 3874 307 3939 ad
323 3873 496 3960 eloquium
514 3874 613 3939 viridi
630 3876 792 3940 tendebat
807 3877 851 3941 ab
868 3897 966 3952 aevo,

169 3980 286 4046 Fortia
301 3977 438 4043 verbosi
453 3990 553 4043 natus
569 3980 614 4045 ad
630 4000 728 4044 arma
743 3979 828 4052 sori3
