2767 4467
187 254 232 342 76
470 252 506 321 T
499 254 542 323 be
563 253 690 342 Flagrat
712 254 761 342 os
773 254 955 321 Daedalus.
1093 272 1238 345 [Mercu

187 453 334 519 destinat
349 453 444 518 hunc
460 450 576 517 Minos
592 449 754 517 thalamis
770 471 947 516 removere
965 451 1147 536 pudorem,

187 560 433 647 multiplicique
448 560 552 625 domo
569 558 750 644 caecisque
766 555 943 621 includere
958 556 1068 622 tectis.

233 665 410 731 Daedalus
426 665 567 752 ingenio
583 664 702 749 fabrae
719 662 963 754 celeberrimus
980 662 1062 729 artis

186 772 282 860 ponit
297 793 397 859 opus,
415 771 594 858 turbatque
611 781 722 845 notas,
742 781 775 834 et
790 768 921 832 lumina
936 767 1067 835 flexum
1189 788 1237 843 160

187 879 280 944 ducit
295 878 330 943 in
347 896 495 943 errorem
512 877 685 942 variarum
703 876 851 962 ambage
867 874 1013 941 viamm.
1090 888 1094 893 “

186 1007 255 1051 non
272 1004 372 1050 secus
388 1004 429 1049 ac
446 983 593 1070 liquidus
609 980 773 1068 Phrygiis
789 980 979 1048 Maendros'
994 983 1030 1048 in
1047 982 1137 1056 arvis

186 1089 285 1167 ludit,
303 1100 336 1155 et
352 1088 515 1181 ambiguo
532 1089 638 1179 lapsu
649 1086 827 1174 refluitque
844 1074 1011 1182 fluitque,¹
1078 1161 1081 1168 ,

185 1216 438 1283 occurrensque
454 1188 519 1261 sibi
535 1204 699 1277 venturas
713 1193 835 1279 aspicit
851 1196 997 1272 undas,·
1025 1179 1040 1272 J
1066 1178 1069 1185 ’
1115 1185 1117 1190 ’
1184 1200 1188 1203 ’

185 1313 219 1369 et
235 1304 388 1369 nuncad
404 1302 526 1377 sontes,
545 1322 638 1367 nunc
654 1300 700 1367 ad
717 1321 813 1367 mare
828 1323 947 1368 versus
964 1312 1119 1390 apertum
1162 1320 1233 1390 ”165

185 1408 333 1475 incertas
349 1419 487 1474 exercet
503 1429 632 1495 aquas:
657 1407 905 1475 ita‘Daedalus'
915 1409 1035 1495 implet
1105 1422 1108 1428 '

185 1514 384 1580 innumeras
401 1534 514 1580 errore
532 1513 626 1605 vias3
651 1514 779 1602 vixque
790 1514 869 1601 'ipse
886 1516 1008 1581 reverti

186 1622 229 1686 ad
247 1620 351 1687 limen
368 1621 489 1707 potuit,
506 1630 603 1686 tanta
615 1631 666 1687 est
681 1621 820 1687 fallacia
835 1621 932 1688 tecti·
1069 1611 1073 1619 ¹
1107 1611 1124 1622 '¹

132 1778 135 1787 .
231 1726 313 1814 Qo
329 1739 508 1815 postquam
526 1728 702 1814 geminam
719 1730 807 1794 tauri
819 1727 1025 1817 juvenisque
1041 1729 1189 1817 figuram

186 1834 319 1910 clausit,
337 1844 370 1898 et
387 1832 520 1899 Actaeo
534 1834 588 1899 bis
605 1846 739 1921 pastum
755 1834 926 1923 sanguiue
943 1848 1131 1901 monstrum
1186 1866 1235 1921 170

115 1956 117 1965 ’
184 1940 281 2006 tertia
298 1961 372 2005 sors
388 1939 488 2005 armis
500 1930 635 2006 domuit
651 1932 792 2027 repetita
808 1943 971 2023 novenis}

183 2057 288 2134 utque
304 2067 370 2132 ope
385 2046 543 2135 virginea
560 2047 662 2113 nullis
678 2048 797 2136 iterata
813 2043 974 2135 priorum·

179 2153 289 2243 janua
305 2153 452 2220 difficilis
468 2154 526 2219 filo
543 2165 594 2219 est
609 2154 747 2221 inventa
764 2156 903 2233 relecto,
979 2218 982 2225 .
1005 2178 1019 2227 ,·

184 2260 337 2347 protinus
354 2258 510 2349 Aegides
527 2272 623 2347 rapta
640 2260 798 2327 Minoide
814 2261 920 2327 Diam

143 2380 148 2389 '
183 2368 261 2433 vela
277 2368 382 2443 dedit,
402 2367 628 2455 comitemque
645 2388 743 2433 suam
761 2368 908 2436 crudelis
925 2367 959 2432 in
976 2367 1035 2436 illo
1185 2400 1234 2455 ¹75

184 2474 281 2541 litore
297 2473 459 2540 destituit.
507 2473 673 2539 Desertae
689 2483 724 2538 et
739 2474 844 2538 multa
862 2466 1016 2562 querenti
1059 2480 1065 2487 '
1214 2486 1219 2492 “

184 2582 364 2667 amplexus
380 2592 414 2647 et
429 2602 529 2667 opem
547 2579 756 2667 Liber-tulit,
774 2591 878 2668 utque
893 2568 1042 2668 perenni

183 2688 293 2755 sidere
304 2688 404 2753 'clara
421 2686 519 2763 soret,
538 2696 710 2771 sumptam
726 2686 770 2752 de
786 2685 894 2752 fronte
913 2708 1074 2753 coronam

181 2794 321 2861 immisit
336 2794 447 2861 caelo.
494 2794 636 2859 Tenues
651 2793 745 2859 volat
760 2792 818 2857 illa
837 2814 898 2879 per
916 2814 1037 2870 auras;

182 2901 332 2989 dumque
349 2901 452 2995 volgi,
472 2919 632 2987 gemmae
649 2897 773 2964 nitidos
790 2911 964 2964 vertuntur
979 2900 1014 2964 in
1031 2900 1144 2987 ignes,
1183 2918 1232 2972 180

181 3009 436 3096 consistuntque
452 3009 540 3082 loco,
559 3004 673 3092 specie
689 3016 887 3071 remanente
903 3001 1063 3093 coronae,

180 3112 238 3201 qui
257 3113 388 3178 medius
404 3106 557 3197 Nixique
573 3132 666 3198 genu
683 3120 747 3184 est,
764 3107 998 3197 Anguemque
1012 3109 1172 3176 tenentis.

227 3218 402 3285 Daedalus
419 3218 547 3282 interea
564 3216 691 3282 Creten
709 3217 920 3303 longumque
938 3237 1079 3301 perosus
1141 3233 1143 3237 ·

180 3326 351 3402 exsilium,
369 3336 546 3411 tactusque
563 3323 629 3390 loci
646 3323 769 3389 natalis
788 3319 916 3399 amore,
1107 3325 1110 3329 ’

179 3435 316 3499 clausus
333 3442 405 3497 erat
420 3432 558 3519 pelago.
610 3426 761 3496 ‘Terras
777 3430 874 3497 licet'
891 3429 999 3517 inquit
1015 3440 1072 3496 ‘et
1087 3432 1198 3497 undas

178 3541 341 3613 obstruat,
361 3549 394 3603 at
409 3538 543 3602 caelum
561 3548 650 3605 certe
667 3548 780 3622 patet:
805 3537 934 3604 ibimus
947 3536 1037 3602 illac.
1109 3617 1113 3626 μ

177 3645 292 3711 omnia
309 3643 493 3730 possideat,
512 3664 580 3708 non
598 3644 748 3729 possidet
760 3649 845 3725 ‚aera
862 3642 1003 3708 Minos.'

177 3751 281 3822 dixit3
308 3760 340 3815 et
355 3749 490 3837 ignotas
508 3749 660 3813 animum
679 3749 814 3815 dimittit
830 3750 863 3815 in
882 3763 984 3827 artes,

177 3867 401 3942 naturamque
418 3865 541 3920 novat:
566 3875 646 3919 nam
664 3854 758 3939 ponit
774 3853 808 3919 in
825 3856 945 3921 ordine
962 3878 1108 3942 pennas,

177 3982 197 4028 a
214 3960 356 4026 minima
374 3972 524 4046 coeptas,
543 3959 683 4049 longam
701 3960 856 4027 breviore
873 3962 1041 4049 sequenti,
1178 3996 1227 4053 ¹9⁰
