2767 4467
123 255 280 327 x111.27a‚]
447 239 591 304 Battles
613 239 731 324 before
760 237 866 326 Troy.
1102 255 1163 326 125

64 497 68 506 ,
120 432 261 500 interimo
271 457 282 509 ;
307 456 380 500 non
399 446 483 501 ante
498 446 627 513 tamen,
645 458 748 523 quam
766 447 888 504 cuncta
905 436 1005 526 eodgi
1113 469 1162 524 ²43

119 542 262 622 prodere,
281 551 315 606 et
330 540 479 619 edidici,
497 543 580 630 qnid
596 544 727 629 perfida
743 543 850 632 Troja
866 557 1014 630 pararet.

118 646 220 711 omnia
237 670 445 737 cognoram,
465 671 533 715 nec
547 650 639 737 quod
655 651 853 736 specularer
869 651 1062 727 habebam3

118 755 222 841 etjam
237 757 411 842 promissa
427 769 586 843 poteram
602 778 680 822 cum
698 757 800 822 laude
816 757 960 823 revertis

116 859 201 925 haud
216 873 397 928 contentus
413 885 471 939 eo,
492 862 573 949 petii
589 863 731 928 tentoria
749 863 873 939 Rhesi,
913 891 921 906 ·

115 965 209 1052 inque
224 969 293 1034 suis
309 969 428 1056 ipsum
445 969 567 1036 castris
583 969 793 1057 comitesque
810 969 961 1055 peremi:
1112 1001 1162 1057 250

116 1086 207 1159 atque
223 1075 269 1139 ita
285 1076 429 1162 captivo
444 1077 554 1142 victor
569 1077 724 1163 votisque
741 1076 868 1162 potitus

114 1177 278 1266 ingredior
294 1204 402 1249 curru
418 1183 528 1249 laetos
543 1183 697 1248 imitante
713 1183 918 1268 triumphos.

114 1284 203 1374 cujus
219 1309 328 1375 equos
346 1289 497 1376 pretium
513 1311 574 1376 pro
590 1300 690 1355 nocte
707 1301 912 1376 poposcerat
927 1290 1046 1369 hostis,

114 1412 201 1456 arma
217 1407 347 1482 negate
364 1395 465 1472 mihi,
483 1396 652 1483 fueritque
667 1396 851 1485 benignior
866 1395 981 1485 Ajaxl

154 1499 273 1584 ‘Qnid
290 1501 396 1589 Lycii
413 1502 561 1568 reseram
577 1502 791 1588 Sarpedonis
808 1504 948 1591 agmina
965 1504 1055 1573 ferro
1108 1535 1158 1593 255

113 1605 281 1673 devastata
299 1607 402 1673 meo?
426 1629 505 1674 cum
523 1609 629 1674 multo
645 1609 817 1696 sanguine
833 1609 905 1675 fudi

112 1710 290 1781 Coeranon
308 1714 485 1802 Iphitiden
500 1727 534 1780 et
548 1715 778 1802 Alastoraque
794 1713 1066 1805 Chromiumque

111 1817 393 1909 Alcandrumque
412 1821 623 1909 Haliumque
642 1821 895 1909 Noemonaque
912 1821 1159 1912 Prytaninque,

112 1926 279 2014 exitioque
297 1929 378 1994 dedi
395 1949 475 1994 cum
492 1929 778 1995 Chersidamante
794 1928 956 2006 Thoona,

112 2044 143 2096 et
157 2032 370 2121 Charopem,
388 2035 533 2123 fatisque
550 2035 737 2100 immitibus
754 2034 937 2101 Ennomon
955 2046 1083 2113 actum,
1109 2052 1162 2106 260

111 2140 232 2226 quique
250 2142 365 2208 minus
383 2141 536 2208 celebres
553 2152 668 2207 nostra
684 2142 748 2206 sub
766 2141 946 2207 moenibus
960 2142 1056 2208 urbis

111 2249 322 2329 procubuere
339 2269 458 2313 manu.
506 2246 596 2313 Sunt
611 2257 645 2312 et
660 2246 744 2312 mihi
760 2247 918 2322 vulnera,
937 2246 1043 2325 cives,

111 2350 183 2436 ipso
199 2354 346 2439 pulchra
363 2355 461 2419 loco:
485 2373 551 2419 nec
565 2353 665 2418 vanis
682 2353 809 2419 credite
824 2353 951 2419 verbis.

112 2459 251 2544 aspicite
268 2482 310 2525 en
324 2458 333 2524 l
345 2461 353 2489 ’
367 2471 566 2547 vestemque
583 2481 688 2525 manu
698 2459 860 2535 diduxit;
887 2470 922 2526 et
939 2470 948 2502 ‘
965 2459 1067 2526 Haec
1083 2471 1162 2527 sunt

110 2577 249 2648 pectora
264 2567 419 2652 semper’
435 2566 482 2631 ait
498 2565 640 2632 ‘vestris
657 2565 808 2632 exercita
825 2567 942 2632 rebus.
1109 2583 1160 2654 265

112 2680 145 2734 at
159 2672 208 2736 nil
224 2673 392 2758 impendit
406 2694 469 2759 per
483 2682 531 2738 tot
544 2672 771 2738 Telamonius
788 2693 898 2739 annos

112 2779 290 2864 sanguinis
306 2779 341 2843 in
357 2779 481 2854 socios,
499 2790 533 2844 et
548 2778 652 2843 habet
667 2778 742 2844 sine
757 2779 899 2844 vulnere
916 2800 1054 2864 corpus.

156 2894 166 2923 ‘
183 2883 278 2970 Qrid
294 2895 410 2949 tamen
426 2885 492 2950 hoc
507 2884 623 2959 refert,
641 2884 670 2949 si
686 2905 725 2951 se
742 2907 804 2970 pro
820 2886 932 2952 classe
948 2886 1100 2971 Pelasga

112 3008 207 3054 arma
223 2992 340 3056 tulisse
357 2990 459 3056 refert
474 3002 592 3056 contra
608 2993 789 3077 Troasque
801 2991 1014 3079 Jovemque?

111 3098 354 3185 confiteorque,
372 3098 467 3162 tulit:
491 3119 604 3186 neque
620 3098 712 3164 enim
728 3099 909 3164 benefacta
927 3099 1079 3185 maligne
1109 3129 1160 3180 270

111 3203 299 3269 detractare
316 3225 430 3269 meum
447 3215 518 3280 est;
542 3206 664 3270 sedne
681 3205 877 3271 communia
894 3205 988 3269 solus

111 3321 266 3396 occupet,
281 3321 384 3396 atque
400 3311 549 3398 aliquem
566 3312 664 3376 vobis
681 3332 816 3398 quoque
833 3312 954 3375 reddat
970 3312 1158 3384 honorem;

111 3417 257 3502 reppulit
272 3415 456 3482 Actorides
472 3420 536 3484 sub
553 3418 707 3505 imagine
723 3429 814 3482 tutus
830 3415 979 3482 Achillis

111 3522 220 3588 Troas
237 3523 281 3587 ab
298 3523 426 3588 arsuris
444 3546 521 3590 cum
540 3524 721 3589 defensore
738 3523 873 3588 carinis.

111 3650 230 3694 ausum
246 3629 352 3695 etiam
370 3629 541 3696 Hectoreo
558 3630 667 3695 solum
685 3649 889 3696 concurrere
907 3627 1006 3692 marti
1109 3655 1159 3711 273

110 3758 144 3802 se
160 3748 268 3822 putat,
288 3737 413 3802 oblitus
429 3737 589 3824 regisque
606 3736 803 3819 ducumque
820 3735 969 3819 meique,
1053 3765 1054 3768 ¹

109 3864 216 3910 nonus
233 3844 270 3908 in
286 3842 413 3918 officio,
431 3853 464 3906 et
480 3841 653 3926 praelatus
669 3859 812 3904 munere
829 3840 941 3903 sortis.

107 3951 167 4017 sed
181 3963 303 4016 nmen
319 3958 462 4014 eventus
477 3955 625 4021 vestrae,
643 3942 839 4016 fortissime,
857 3961 996 4024 pugnae
