2767 4467
159 283 221 360 142
388 263 459 331 The
493 263 638 331 Wr'sdom
662 265 712 349 os
723 265 831 354 King
849 265 986 364 Numa.
1066 285 1219 358 [Mna

154 465 240 540 ulla,
256 484 323 530 nec
337 462 488 538 uberior,
505 482 572 530 nec
586 483 676 551 quae
691 463 806 553 magis
822 465 942 531 ardeat
956 465 1106 532 ullaest.

154 569 282 658 excipit
296 567 530 661 Auctumnus,
548 568 659 656 posito
674 570 810 636 fervore
822 569 1000 660 juventae,

155 690 308 744 maturus
324 675 483 764 mitisque
497 675 586 741 inter
598 675 832 765 juvenemque
849 698 1046 766 senemque¹
1158 713 1219 752 210

153 784 319 871 temperie
336 783 482 858 medius,
501 804 642 876 sparsus
658 804 795 872 quoque
811 794 967 870 tempora
984 785 1089 852 canis.

154 892 235 958 inde
251 889 369 957 senilis
386 888 533 979 Hiemps
547 890 694 956 tremulo
709 889 804 956 venit
819 890 958 958 horrida
974 913 1093 978 passu,

155 1011 214 1065 aut
228 997 374 1085 spoliata
389 1019 483 1073 suos,
501 1007 572 1073 aut,
589 1018 677 1084 quos
692 997 808 1075 habet,
828 999 906 1064 alba
922 999 1078 1085 capillos.

201 1104 348 1172 ‘Editus
363 1103 400 1170 in
416 1104 529 1169 lucem
541 1103 651 1192 jacuit
666 1103 741 1170 sine
757 1104 887 1170 viribus
904 1105 1039 1181 insans3

154 1235 236 1279 mox
251 1212 463 1300 quadrupes,
480 1209 615 1299 rituque
630 1209 707 1276 tulit
722 1231 785 1276 sua
802 1213 958 1296 membra
975 1212 1148 1290 serarum
1211 1279 1214 1284 Α

153 1319 389 1407 paulatimque
404 1328 555 1383 tremens
572 1327 607 1383 et
620 1318 775 1383 nondum
791 1319 921 1404 poplite
936 1320 1037 1386 firmo

153 1425 314 1501 constitit,
332 1423 457 1512 adjutis
473 1423 588 1512 aliquo
604 1424 786 1490 conamine
803 1425 938 1502 nervis;

153 1532 234 1598 inde
249 1531 372 1596 valens
385 1529 557 1617 veloxque
572 1529 647 1606 suit,
666 1531 885 1619 spatiumque
897 1532 1062 1620 juventae
1159 1564 1215 1620 225

151 1637 286 1715 transit,
303 1648 338 1704 et
353 1636 503 1702 emeritis
519 1635 624 1702 medii
639 1658 776 1725 quoque
792 1639 962 1725 temporisv
974 1639 1075 1707 annis

152 1743 279 1811 labitur
292 1742 460 1810 occiduae
475 1763 538 1828 per
553 1741 617 1809 iter
632 1743 766 1814 declive
783 1756 958 1811 senectae.

153 1850 285 1917 subruit
300 1848 481 1918 haecaevi
498 1849 748 1938 demoliturque
763 1850 887 1938 prioris

153 1958 297 2032 robora3
321 1955 447 2043 fletque
463 1954 577 2021 Milon
592 1955 720 2034 senior,
737 1978 818 2024 cum
834 1969 965 2044 spectat
980 1959 1101 2029 inanes

153 2063 244 2139 illos,
261 2062 319 2150 qui
336 2062 472 2128 fuerant
485 2061 675 2130 solidorum
690 2064 783 2130 mole
798 2074 950 2132 tororum
1161 2099 1216 2151 230

156 2169 339 2236 Herculeis
355 2168 497 2245 similes,
515 2168 640 2236 fluidos
655 2171 809 2256 pendere
825 2171 991 2252 lacertos3

153 2276 214 2343 flet
227 2297 377 2365 quoque,
395 2276 484 2342 utin
500 2277 643 2363 speculo
659 2298 767 2365 rugas
785 2279 919 2363 aspexit
936 2280 1057 2356 aniles,

153 2383 344 2473 Tyndaris,
362 2393 396 2450 et
410 2405 529 2450 secum
545 2404 607 2450 cur
622 2383 666 2449 sit
681 2383 735 2450 bis
752 2397 854 2469 rapta
866 2386 1017 2473 requirit.

154 2492 312 2577 Tempus
327 2491 418 2558 edax
433 2511 563 2566 rerum,
581 2500 685 2576 tuque
702 2489 1063 2570 invidiosaVetustas,
1171 2541 1172 2548 .

33 2588 37 2594 ⁵
154 2598 271 2666 omnia
287 2597 471 2674 destruitis,
488 2597 676 2684 vitiataque
692 2596 852 2663 dentibus
868 2599 945 2666 aevi
1160 2631 1214 2686 235

154 2701 320 2791 paulatim
337 2702 429 2767 lenta
447 2699 647 2768 consumitis
663 2699 781 2766 omnia
798 2711 918 2768 morte.

201 2809 329 2877 ‘Haec
359 2830 496 2898 quoque
528 2830 599 2876 nnn
629 2817 797 2895 perstent,
830 2828 920 2896 quae
953 2829 1016 2874 nos
1046 2808 1215 2874 elementa

290 2937 477 2991 vocamus3

156 3045 310 3113 quasque
320 3024 414 3090 vices
424 3034 606 3114 peragant,
617 3061 663 3074 -
673 3021 808 3089 animos
822 3020 982 3088 adhibete
994 3019 1002 3086 l
1013 3059 1058 3072 —
1069 3020 1213 3087 docebo.

156 3143 314 3220 quattuor
330 3143 489 3198 aeternus
505 3131 672 3222 genitalia
687 3149 832 3218 corpora
849 3128 999 3194 mundus

157 3239 318 3305 continet.
367 3237 423 3304 Ex
439 3239 506 3304 illis
522 3239 592 3304 duo
608 3247 687 3305 sunt
702 3257 863 3311 onerosa,
882 3255 1013 3322 suoque
1161 3265 1214 3316 240

157 3348 310 3433 pondere
326 3347 361 3413 in
377 3346 532 3423 inferius,
549 3347 651 3412 tellus
667 3357 769 3434 atque
786 3344 895 3419 unda,
914 3341 1087 3416 seruntur;
1121 3383 1124 3390 ,

157 3464 192 3519 et
206 3453 345 3519 totidem
363 3453 530 3541 gravitate
547 3465 677 3531 carent,
696 3455 860 3541 nulloque
878 3458 1055 3538 premente

159 3560 227 3624 alta
244 3570 375 3646 petunt,
392 3565 457 3624 adr
473 3570 574 3646 atque
591 3565 671 3624 aere
687 3561 805 3645 purior
822 3560 927 3646 r'gm‘s.

157 3688 248 3753 quae
264 3686 473 3753 quamquam
490 3665 599 3751 spatio
615 3665 754 3742 distant,
772 3677 888 3733 tamen
905 3668 1021 3735 omnia
1038 3667 1125 3732 fiunt

158 3793 204 3836 ex
219 3772 317 3857 ipsis,
334 3782 368 3837 et
383 3771 419 3835 in
435 3771 510 3856 ipsa
526 3771 674 3846 cadunt3
700 3773 918 3862 resolutaque
935 3777 1037 3840 tellus
1163 3801 1213 3857 243

158 3876 194 3941 in
211 3877 357 3963 liquidas
373 3876 514 3941 rarescit
530 3896 650 3963 aquas,
668 3887 828 3943 tenuatus
844 3880 879 3944 in
897 3901 999 3946 auras

159 3987 311 4069 aeraque
327 3982 450 4047 humor
465 3980 549 4058 abit,
565 3981 705 4067 dempto
720 4003 858 4071 quoque
874 3987 1028 4070 pondere
1044 4010 1164 4056 rursus
