2767 4467
141 302 191 356 111.
208 314 234 370 3,
248 302 308 372 54]
398 285 471 352 We
494 286 626 352 Exile’s
650 285 734 352 Sr'ck
763 284 946 352 Chamber.
1123 292 1184 365 175

138 480 171 548 si
183 480 253 570 jam
270 480 449 558 deficiam,
467 484 720 570 subpressaque
737 480 856 571 lingua
873 481 988 567 palato

175 587 242 652 Vix
257 586 427 655 instillato
444 589 651 656 restituenda
667 610 776 665 mero,

135 693 271 759 Nuntiet
287 695 357 760 huc
374 696 502 782 aliquis
519 695 693 760 dominam
709 695 859 770 venisse,
876 713 1069 782 resurgam,

175 800 331 888 Spesque
347 801 399 866 tui
418 801 519 866 nobis
535 822 640 866 causa
654 800 784 888 vigoris
801 799 875 866 erit.

134 906 224 996 Ergo
240 929 308 995 ego
325 931 406 973 sum
424 906 550 973 dubius
565 907 669 983 vitae,
687 918 724 971 tu
741 906 882 972 forsitan
899 905 974 972 istic

171 1013 372 1099 Jucundum
392 1013 498 1080 nostri
515 1012 632 1078 nescia
648 1024 784 1098 tempus
802 1011 901 1100 agis?

133 1117 210 1184 Non
227 1121 319 1208 agis,
339 1123 509 1188 adfirmos
533 1119 639 1208 liquet
655 1120 735 1195 hoc,
754 1118 944 1194 carissima,
963 1118 1075 1194 nobis,

173 1225 332 1313 Tempus
349 1228 411 1317 agi
427 1227 502 1294 sine
518 1247 573 1292 me
589 1247 658 1292 non
674 1225 739 1290 nisi
757 1225 850 1291 triste
866 1225 938 1291 tibi.

132 1329 168 1395 Si
184 1342 301 1398 tamen
319 1334 478 1420 implevit
494 1354 570 1399 mea
587 1354 672 1408 sors,
691 1353 778 1418 quos
796 1331 924 1408 debuit,
943 1351 1066 1408 annos,

174 1438 218 1503 Et
234 1440 321 1504 mihi
338 1439 478 1506 vivendi
495 1451 564 1505 tam
580 1439 647 1506 cito
662 1437 741 1504 finis
759 1438 876 1503 adest:

133 1540 312 1629 Quantum
332 1558 418 1623 erat,
437 1546 471 1612 0
487 1546 617 1634 magni,
635 1544 799 1611 morituro
816 1564 971 1629 parcere,
990 1543 1085 1622 Divi,

174 1651 223 1718 Ut
238 1655 367 1719 saltem
384 1653 495 1740 patria
511 1653 763 1718 contumularer
780 1649 908 1716 humo?

130 1754 195 1823 Vel
212 1781 331 1846 poena
347 1760 383 1825 in
398 1771 534 1846 tempus
549 1760 666 1826 mortis
682 1759 788 1824 dilata
805 1757 936 1834 suisset,

174 1864 243 1931 Vel
259 1867 498 1954 praecepisset
512 1887 604 1932 mors
619 1875 800 1953 properata
818 1864 951 1950 fugam.

133 1969 273 2061 integer
290 1975 383 2040 hanc
399 1972 493 2060 potui
510 1994 618 2059 nuper
633 1974 723 2038 bene
739 1971 881 2038 reddere
901 1971 1034 2036 lucem:

175 2076 290 2146 Exsul
307 2091 344 2146 ut
358 2080 564 2156 occiderem,
582 2102 676 2146 nunc
691 2079 774 2145 mihi
789 2079 859 2144 vita
877 2078 956 2142 data
972 2088 1036 2144 est.

14 2230 15 2246 ,
133 2183 224 2251 Tam
241 2188 364 2275 procul
379 2187 506 2276 ignotis
520 2186 624 2275 igitur
641 2187 825 2254 moriemur
841 2185 876 2250 in
892 2184 974 2261 oris,

179 2291 225 2359 Et
240 2297 324 2360 fient
338 2294 414 2380 ipso
429 2294 535 2358 tristia
552 2294 621 2359 lata
636 2291 736 2360 loco?

136 2396 213 2465 Nec
229 2420 309 2466 mea
324 2411 488 2466 consueto
503 2401 730 2487 languescent
745 2420 887 2486 corpora
905 2396 1015 2466 lecto?

181 2505 384 2593 Depositum
403 2527 468 2572 nec
484 2527 539 2572 me
554 2506 613 2594 qui
630 2505 722 2584 fleat,
739 2507 829 2573 ullus
844 2505 929 2572 erit?

138 2609 215 2679 Nec
231 2614 391 2679 dominae
407 2613 559 2678 lacrimis
573 2612 609 2678 in
626 2624 741 2678 nostra
757 2613 957 2680 cadentibus
972 2634 1033 2681 ora

182 2718 361 2786 Accedent
376 2721 513 2786 animae
527 2730 683 2806 tempora
699 2741 806 2806 parva
823 2720 943 2787 meae?

139 2824 216 2892 Nec
234 2826 395 2892 mandata
411 2826 515 2903 dabo,
532 2848 598 2892 nec
614 2847 693 2893 cum
710 2828 860 2896 clamore
878 2851 1038 2917 supremo

183 2932 357 2998 Labentes
372 2933 491 2999 oculos
507 2934 629 3001 condet
644 2933 758 3000 amica
774 2935 920 3003 manus?

140 3037 210 3105 Sed
226 3039 300 3104 sine
317 3038 492 3105 funeribus
509 3051 612 3126 caput
628 3042 708 3120 hoc,
728 3043 802 3110 siue
819 3045 947 3110 honore
963 3041 1112 3130 sepulcri
1152 3073 1187 3129 45

183 3145 441 3230 indeploratum
456 3146 604 3214 barbara
618 3160 709 3215 terra
724 3149 841 3239 teget?

139 3251 287 3338 Ecquid,
304 3262 341 3317 ut
358 3251 519 3329 audieris,
536 3264 606 3321 tota
614 3257 803 3322 'turbabere
821 3268 947 3333 mente,

183 3357 228 3423 Et
243 3357 345 3425 series
361 3359 487 3444 pavida
502 3372 642 3447 pectora
656 3363 728 3429 fida
744 3360 871 3428 manu?

139 3463 286 3551 Ecquid,
303 3465 339 3529 in
357 3467 420 3532 has
436 3466 560 3533 frustra
575 3468 720 3534 tendens
736 3480 793 3534 tua
809 3469 973 3535 bracchia
989 3479 1115 3555 partes,

183 3569 362 3638 Clamabis
378 3573 494 3639 miseri
512 3595 638 3641 nornen
653 3575 756 3640 inane
773 3574 858 3641 viri?
1156 3605 1188 3659 50

139 3677 247 3744 Parce
263 3690 379 3744 tamen
396 3682 550 3746 lacerare
566 3702 689 3768 genas,
708 3703 772 3746 nec
789 3682 906 3748 scinde
924 3680 1088 3767 capillos:

182 3783 264 3850 Non
280 3785 340 3851 tibi
357 3807 451 3851 nunc
466 3786 627 3872 primum,
645 3788 707 3851 lux
723 3809 814 3862 mea,
833 3798 950 3872 raptus
965 3809 1037 3852 ero.

140 3889 229 3956 Cum
246 3891 392 3976 patriam
409 3891 522 3968 amisi,
538 3903 620 3958 tunc
636 3914 691 3957 me
708 3892 848 3977 periisse
865 3903 1003 3978 putat03

184 3995 228 4061 Et
243 3997 337 4083 prior
352 4008 385 4062 et
401 3997 540 4084 gravior
556 4019 648 4062 mors
663 3997 726 4060 suit
741 3997 801 4061 illa
816 3996 913 4060 mihi.
