2767 4467
198 280 242 343 62
374 330 377 333 -
423 276 607 345 Theseus
630 280 679 365 os
691 275 809 345 Nica!
830 299 895 343 are
915 278 1021 342 slain.
1103 294 1256 367 [nimau.

243 473 431 562 Adjectura
448 496 568 560 preces
584 484 656 540 erat
673 474 727 541 his
742 474 879 541 Latona
894 474 1033 553 relatis:

198 580 331 647 Desine
346 580 506 645 Phoebus
523 581 589 655 ait:
608 588 746 667 poenae
760 604 859 645 mora
875 582 982 667 longa
998 580 1154 667 querella
1172 588 1238 645 est.

169 702 175 719 '
198 686 284 752 dixit
299 686 389 751 idem
407 684 567 760 Phoebe:
593 686 764 773 celerique
780 708 842 772 per
857 693 938 751 aera
955 688 1056 773 lapsu

199 793 412 881 contigerant
427 790 504 857 tecti
522 790 715 857 Cadmeida
732 792 880 857 nubibus
897 813 1024 857 arcem.

198 900 322 983 planus
338 910 409 963 erat
425 898 560 985 lateque
576 910 698 983 patens
715 919 822 982 prope
839 899 976 963 moenia
994 918 1152 984 campus,

199 1004 350 1071 adsiduis
367 1006 520 1091 pulsatus
538 1004 648 1091 equis,
666 1003 725 1069 ubi
742 1005 841 1069 turba
857 1016 1010 1069 rotarum

198 1112 352 1199 duraque
369 1111 536 1177 mollierat
551 1110 723 1199 subjectas
738 1111 871 1198 ungula
888 1111 1023 1199 glebas.
1200 1142 1256 1181 220

243 1218 329 1285 Pars
344 1217 390 1283 ibi
408 1218 451 1284 de
467 1228 597 1304 septem
614 1216 740 1305 genitis
756 1215 956 1303 Amphione
972 1218 1076 1283 sortes

197 1324 431 1390 conscendunt
447 1325 481 1389 in
498 1345 616 1411 equos,
634 1323 812 1412 Tyrioque
827 1325 984 1390 rubentia
1000 1346 1084 1391 suco

197 1441 294 1517 terga
311 1440 481 1515 premunt,
500 1450 651 1518 auroque
667 1452 793 1518 graves
810 1431 1030 1510 moderantur
1045 1430 1228 1497 habenas:

197 1558 216 1600 e
233 1536 354 1622 quibus
370 1535 538 1611 Ismenos,
556 1536 614 1622 qui
631 1537 730 1601 matri
747 1537 882 1603 sarcina
898 1537 1075 1625 quondam

197 1643 306 1727 prima
322 1662 405 1706 suae
422 1641 543 1717 luerat,
562 1642 644 1707 dum
661 1655 791 1709 certum
806 1644 911 1710 flectit
927 1644 962 1708 in
979 1646 1098 1710 orbem
1199 1668 1252 1729 225

196 1747 427 1835 quadrupedis
443 1768 574 1824 cursus,
591 1750 856 1839 spumantiaque
871 1772 932 1817 ora
948 1755 1095 1827 coercet,
1166 1806 1171 1813 .

194 1853 366 1919 Eimilu'l
389 1854 595 1931 conclamat,
614 1856 797 1943 medioque
814 1856 848 1922 in
866 1868 1005 1942 pectore
1020 1858 1092 1923 fixa

192 1961 261 2025 tela
278 1958 378 2047 gerit,
397 1960 570 2045 frenisque
586 1980 689 2025 manu
708 1962 874 2028 moriente
890 1963 1054 2040 remissis,

193 2066 228 2133 in
245 2067 333 2131 latus
349 2086 371 2130 a
387 2066 507 2131 dextro
524 2066 688 2151 paulatim
705 2068 823 2134 defluit
840 2089 950 2135 armo.

240 2171 434 2247 Proximus,
454 2172 569 2239 audito
586 2174 697 2239 sonitu
714 2196 777 2260 per
791 2175 895 2242 inane
910 2178 1109 2262 pharetrae,
1200 2207 1255 2262 230
1369 2195 1376 2203 ‘

194 2280 290 2344 frena
307 2279 410 2343 dabat
426 2278 590 2365 Sipylus:
615 2282 720 2347 veluti
737 2303 816 2347 cum
833 2284 1009 2368 praescius
1025 2281 1147 2349 imbris
1210 2282 1213 2284 ’

195 2384 285 2449 nube
302 2385 390 2473 fugit
404 2386 492 2461 visa,
510 2387 765 2474 pendentiaque
780 2389 933 2476 undique
948 2400 1062 2457 rector

192 2492 338 2557 carbasa
353 2491 502 2566 deducit,
522 2512 565 2555 ne
581 2512 650 2578 qua
666 2492 753 2557 levis
768 2494 885 2559 effluat
901 2516 998 2560 aura.

191 2598 287 2663 srena
304 2598 428 2664 dabat:
454 2600 592 2662 dantem
609 2619 678 2663 non
695 2598 854 2664 evitabile
870 2601 977 2666 telum

190 2705 428 2792 consequitur:
453 2724 656 2790 summaque
670 2715 821 2769 tremens
838 2707 973 2771 cervice
989 2706 1118 2795 sagitta
1196 2736 1249 2795 235
1354 2779 1357 2784 ,
1377 2706 1382 2715 ’

190 2812 313 2886 haesit,
331 2822 364 2876 et
379 2812 535 2875 exstabat
551 2809 682 2874 nudum
693 2811 741 2874 'de
758 2821 895 2897 gutture
911 2812 1053 2878 ferrum.

189 2916 259 2991 ille,
277 2926 314 2981 ut
330 2926 402 2980 erat
417 2900 558 3000 pronus,
576 2936 638 2999 per
653 2936 754 2979 crura
770 2916 921 2982 admissa
934 2918 1108 3007 jubasque

187 3022 346 3097 volvitur,
365 3032 398 3085 et
414 3021 526 3085 calido
541 3021 699 3085 tellurem
716 3023 887 3109 sanguine
902 3023 1030 3089 foedat.
1101 3035 1103 3041 “

232 3125 443 3190 Phaedimus
459 3123 578 3189 infelix
595 3135 628 3187 et
644 3124 723 3189 aviti
739 3126 887 3191 nominis
903 3128 1005 3193 heres

187 3232 369 3307 Tantalus,
387 3241 423 3296 ut
439 3231 537 3295 solito
554 3231 658 3294 finem
675 3230 869 3316 imposuere
884 3232 1008 3309 labori,
1129 3211 1133 3217 ⁵
1193 3267 1248 3320 240

186 3338 390 3403 transierant
406 3337 450 3401 ad
467 3358 553 3421 opus
570 3336 697 3400 nitidae
709 3336 863 3424 juvenile
879 3340 1095 3423 palaestrae:

187 3456 220 3509 et
232 3444 304 3532 jam
321 3443 536 3509 contulerant
553 3452 625 3506 arto
642 3442 804 3507 luctantia
820 3453 912 3508 nexu

186 3563 324 3637 pectora
341 3547 556 3637 pectoribus3
583 3568 659 3611 cum
677 3558 769 3612 tento
786 3550 917 3613 concita
934 3571 1055 3628 nervo,
1172 3573 1174 3577 ’

186 3658 272 3724 sicut
287 3670 384 3728 erant
395 3654 519 3755 juncti,
537 3654 668 3742 trajecit
683 3663 864 3740 utrumque
881 3656 1018 3743 sagitta.

184 3766 385 3852 ingemuere
401 3763 524 3836 simul;
550 3761 650 3827 simul
667 3759 844 3824 incurvata
861 3757 978 3826 dolore
1190 3782 1251 3854 24‘5·

185 3873 340 3937 membra
357 3872 429 3936 solo
447 3886 611 3954 posuere:
637 3864 738 3929 simul
755 3886 916 3948 suprema
928 3865 1086 3952 jacentes

146 4052 149 4059 Δ
184 3976 315 4041 lumina
331 3981 531 4042 versarent:
556 3969 707 4033 animam
723 3969 824 4059 simul
841 3971 1060 4039 exhalarunt.
