2767 4467
127 302 150 362 1.
176 304 252 379 ²83]
353 344 357 351 .
414 274 614 371 Gatlaeering¹
633 284 682 370 <ff
693 283 751 350 the
776 282 920 350 Writers.
1136 301 1176 367 13

126 484 204 550 talia
219 491 438 573 quaerentes,
456 480 520 548 sibi
536 479 628 548 enirn
644 481 723 546 sore
734 491 849 547 cetera
864 500 981 556 curae,
1124 509 1177 566 ²50

126 612 186 657 rex
201 611 365 678 superum
382 588 553 674 trepidare
569 597 673 663 vetat,
692 587 914 674 subolemque
931 585 1036 674 priori

127 696 325 763 dissimilem
342 692 650 783 populopromittit
665 693 801 781 origine
817 693 919 758 mira.

163 804 313 891 Jamque
329 812 403 867 erat
417 800 451 865 in
468 811 555 866 totas
571 820 753 885 sparsurus
768 796 912 865 fulmina
928 810 1058 865 terrast

125 911 184 975 sed
201 908 325 984 timuit,
344 928 388 973 ne
405 906 489 972 sorte
506 926 604 973 sacer
619 916 667 971 tot
683 906 727 971 ab
743 904 883 993 ignibus
896 906 1019 971 aether

17 1062 21 1069 -
126 1015 321 1101 conciperet
336 1013 507 1088 flammas,
524 1012 720 1099 longusque
736 1011 931 1077 ardesceret
947 1012 1035 1077 axis.

125 1144 199 1187 esse
214 1141 353 1208 quoque
369 1119 404 1185 in
421 1118 498 1185 satis
515 1116 758 1193 reminiscitur,
776 1116 894 1183 adsore
909 1129 1057 1202 tempus,

125 1249 191 1315 quo
207 1248 318 1302 mare,
336 1247 404 1313 quo
419 1224 533 1300 tellus,
552 1233 778 1309 correptaque
795 1223 895 1311 regia·
909 1224 996 1289 caeli
1061 1257 1063 1262 ·

125 1334 254 1410 ardeat,
274 1344 308 1399 et
325 1330 443 1397 mundi
459 1330 568 1399 moles
584 1349 731 1414 operosa
746 1330 889 1396 laboret.

123 1440 190 1525 tela
206 1448 420 1526 reponuntur
435 1436 594 1503 manibus
611 1435 776 1502 fabricata
793 1436 1001 1524 Cyclopum.

167 1544 288 1611 Poena
305 1544 419 1630 placet
434 1542 583 1618 diversa,
601 1562 714 1629 genua
730 1544 873 1609 mortale
890 1545 955 1610 sub
970 1543 1071 1611 undis

124 1652 282 1737 perdere,
301 1661 334 1716 et
349 1671 394 1715 ex
409 1648 503 1715 omni
518 1649 653 1716 nimbos
670 1651 846 1716 demittere
862 1651 973 1717 caelo.

124 1758 278 1844 protinus
295 1755 428 1823 Aeoliis
444 1755 640 1842 aquilonem
656 1756 784 1821 claudit
799 1756 835 1821 in
852 1756 972 1833 antris,

125 1875 157 1929 et
170 1883 414 1951 quaecumque
429 1862 551 1951 sugant
567 1861 728 1927 inductas
740 1861 880 1927 flamina
896 1864 1019 1939 nubes,

17 2012 18 2019 κ
125 1970 313 2059 emittitque
329 1968 472 2035 Notum.
521 1968 675 2035 Madidis
691 1969 804 2035 Notus
819 1970 932 2035 evolat
948 1970 1025 2048 alis,

17 2052 18 2087 ³
124 2076 310 2143 terribilem
327 2075 426 2163 picea
442 2084 549 2142 tectus
566 2076 716 2163 caligine
731 2076 885 2141 vultumz
991 2100 995 2105 ’

125 2183 230 2249 barba
247 2181 366 2272 gravis
382 2181 520 2258 nimbis,
539 2182 634 2248 canis
650 2182 724 2251 fluit
740 2185 832 2249 unda
849 2180 995 2269 capillis,

125 2289 232 2355 fronte
250 2289 372 2355 sedent
388 2289 548 2365 nebulae,
565 2300 681 2355 rorant
698 2310 901 2376 pennaeque
917 2289 1094 2377 sinusque.
1170 2326 1174 2335 ·

18 2390 20 2481 ξ
125 2408 226 2484 utque
244 2416 351 2463 manu
367 2396 435 2461 late
452 2390 637 2482 pendentia
652 2396 770 2461 nubila
788 2383 922 2481 pressit,

18 2506 20 2591 ᾖ
125 2503 162 2569 fit
176 2503 307 2593 fragor,
326 2501 449 2568 inclusi
466 2501 652 2568 funduntur
669 2503 712 2567 ab
729 2505 868 2568 aethere
884 2501 1004 2567 nimbi.

127 2610 242 2675 nuntia
255 2608 405 2697 Junonis
420 2609 533 2674 varios
549 2608 667 2675 induta
685 2610 817 2674 colores
990 2605 993 2609 ’

19 2730 20 2735 ’
127 2717 275 2804 concipit
291 2715 355 2782 Iris
371 2734 491 2803 aquas,
510 2716 740 2801 alimentaque
758 2714 905 2780 nubibus
920 2712 1041 2779 adsert.

128 2834 322 2891 sternuntur
338 2835 473 2911 segetes
490 2831 524 2887 et
539 2821 717 2908 deplorata
734 2819 865 2886 colonis

126 2941 202 2995 vota
214 2930 347 3019 jacent,
365 2928 528 3017 longique
546 2927 633 3015 perit
649 2927 747 2993 labor
763 2927 875 2993 irritus
891 2927 986 2993 anni.

47 3048 50 3054 ’
170 3034 247 3102 Nec
264 3036 363 3101 caelo
379 3022 546 3101 contenta
556 3056 619 3101 suo
636 3044 686 3099 est
698 3033 795 3119 Jovis
812 3032 874 3110 ira,
894 3034 955 3100 sed
971 3034 1068 3099 illum

127 3142 307 3207 caeruleus
324 3142 426 3207 irater
438 3142 537 3231 juvat
552 3140 777 3207 auxiliaribus
793 3142 907 3206 undis.

127 3259 293 3314 convocat
310 3248 366 3314 hic
383 3269 524 3323 amnesr
548 3248 607 3336 qui
623 3259 804 3334 postquam
821 3257 910 3312 tecta
926 3247 1063 3335 tyranni

127 3352 296 3420 intravere
313 3352 380 3428 sui,
399 3353 503 3420 ‘Non
520 3367 571 3421 est
587 3354 780 3441 hortamine
795 3353 901 3441 longo

126 3460 237 3527 nunc'
253 3460 301 3525 ait
318 3462 526 3535 ‘utendum3
550 3462 641 3528 vires
658 3460 823 3529 effundite
839 3470 982 3536 vestras,

126 3560 175 3629 sic
189 3584 279 3653 opus
295 3572 367 3635 estr
393 3562 522 3647 aperite
539 3565 673 3640 domos,
691 3586 734 3631 ac
749 3565 839 3630 mole
855 3574 986 3629 remota

125 3665 325 3735 fluminibus
341 3667 463 3735 vestris
478 3679 565 3735 totas
582 3669 738 3737 inmittite
756 3671 930 3736 habenas!

164 3772 344 3860 Jusserat;
369 3774 404 3838 bi
421 3775 577 3850 redeunt,
596 3795 637 3841 ac
653 3776 801 3843 sontibus
817 3797 877 3841 ora
893 3776 1063 3850 relaxant,

125 3890 158 3946 et
173 3880 353 3947 defrenato
368 3881 550 3947 volvuntur
566 3880 602 3946 in
618 3902 768 3968 aequora
784 3902 897 3947 cursu.

125 3984 198 4073 ipse
215 3985 362 4053 tridente
378 4007 440 4053 suo
457 3997 581 4053 terram
598 3987 787 4073 percussitr
811 3999 846 4051 at
861 3988 921 4052 illa
