2767 4467
143 286 187 357 34
428 268 500 336 The
523 267 656 337 search
679 271 728 356 of
746 267 909 336 Cadmus.
1047 276 1195 349 [Menan.

142 463 186 530 ad
203 464 338 531 caelum
356 466 514 543 frontem,
532 465 719 555 mugitibus
736 464 871 551 impulit
887 483 1000 528 auras.

142 582 243 657 atque
261 572 306 637 ita
324 572 511 657 respiciens
530 573 670 639 comites
687 593 751 637 sua
766 582 865 659 terga
881 577 1077 655 sequentes,

142 677 333 762 procubuit,
352 688 539 765 teneraque
555 680 644 744 latus
662 677 832 743 summisit
846 677 882 739 in
900 674 1018 739 herba.

187 782 342 849 Cadmus
358 784 430 872 agit
446 794 573 873 grates,
592 783 864 873 peregrinaeque
882 781 1002 847 oscula
1016 790 1128 845 terrae

142 888 229 976 tigit,
248 900 280 953 et
295 888 431 977 ignotos
447 901 579 956 montes
596 910 767 977 agrosque
784 889 922 954 salutat.
1159 913 1191 969 25

143 1016 241 1061 sacra
253 996 331 1082 Jovi
347 996 498 1062 facturus
514 1006 606 1061 erat:
626 997 724 1086 jubet
739 996 789 1061 ire
805 995 989 1072 ministros,

143 1111 176 1166 et
191 1113 306 1186 petere
323 1123 342 1167 e
359 1102 445 1168 vivis
462 1102 620 1169 libandas
637 1102 786 1168 sontibus
802 1102 926 1168 undas.

143 1207 228 1273 silva
244 1218 341 1274 vetus
359 1209 471 1275 stabat
486 1209 582 1275 nulla
597 1208 725 1275 violata
741 1209 866 1285 securi,

142 1323 176 1377 et
191 1333 314 1397 specus
330 1313 365 1378 in
382 1313 508 1389 medio,
527 1314 634 1402 virgis
652 1334 693 1380 ac
708 1314 835 1380 vimine
852 1315 993 1391 densus,

88 1414 92 1419 ’
142 1417 294 1483 efficiens
311 1419 475 1484 humilem
492 1420 646 1505 lapidum
663 1422 890 1509 compagibus
907 1442 1039 1498 arcum,
1160 1448 1196 1503 30

141 1524 304 1589 uberibus
321 1524 488 1591 secundus
505 1526 615 1611 aquis,
633 1526 692 1591 ubi
711 1527 866 1593 conditus
884 1539 981 1593 antro
1230 1519 1235 1524 ⁵

143 1628 290 1695 Martius
306 1630 432 1719 anguis
448 1641 532 1706 erat,
551 1631 661 1698 cristis
677 1633 870 1720 praesignis
886 1645 920 1698 et
935 1654 1042 1698 auroz

143 1735 224 1823 igne
242 1735 368 1801 micant
383 1737 487 1813 oculi,
505 1758 629 1823 corpus
645 1750 752 1804 tumet
766 1761 869 1804 omne
884 1760 1032 1814 veneno,

142 1851 277 1927 tresque
295 1843 429 1908 vibrant
445 1844 599 1931 linguae,
617 1845 741 1930 triplici
758 1857 848 1911 stant
864 1846 984 1912 ordine
1001 1847 1136 1910 dentes.

190 1946 305 2031 Quem
322 1960 502 2035 postquam
518 1950 628 2037 Tyria
645 1952 761 2016 lucum
778 1952 821 2017 de
838 1963 941 2039 gente
957 1949 1103 2037 profecti
1161 1978 1195 2037 35

142 2053 291 2137 infausto
307 2055 449 2143 tetigere
466 2044 590 2144 gradu,
610 2058 828 2145 demissaque
844 2059 879 2123 in
896 2060 1007 2124 undas

142 2181 230 2225 urna
246 2159 339 2225 dedit
354 2160 515 2238 sonitum,
533 2163 638 2250 longo
655 2174 759 2248 caput
774 2165 894 2229 extulit
910 2174 1007 2230 antro

143 2266 322 2332 caeruleus
339 2286 493 2352 serpens,
513 2269 752 2356 horrendaque
769 2269 985 2356 sibilamisit.

144 2372 307 2439 effluxere
323 2393 431 2438 urnae
448 2374 620 2450 manibus,
638 2376 848 2462 sanguisque
864 2375 1024 2461 relinquit

143 2500 281 2564 corpus,
300 2490 332 2543 et
349 2477 506 2545 attonitos
522 2480 652 2545 subitus
669 2490 795 2544 tremor
810 2492 957 2565 occupat
973 2492 1078 2549 artus.
1159 2509 1195 2563 40

142 2586 199 2653 ille
215 2585 424 2651 volubilibus
441 2606 642 2671 squamosos
659 2585 807 2650 nexibus
821 2586 922 2653 orbes

141 2692 288 2781 torquet,
307 2704 340 2758 et
355 2692 542 2757 immensos
558 2691 645 2755 saltu
662 2690 817 2754 sinuatur
831 2689 866 2754 in
884 2712 1004 2755 arcus:

142 2820 185 2864 ac
201 2800 315 2865 media
331 2802 408 2885 plus
425 2809 521 2883 parte
538 2798 632 2861 leves
648 2806 781 2861 erectus
797 2796 833 2860 in
850 2818 952 2862 auras

142 2905 287 2991 despicit
301 2925 404 2969 omne
420 2924 556 2977 nemus,
574 2911 736 2986 tantoque
752 2911 804 2965 est
819 2899 974 2987 corpore,
993 2913 1123 2991 quanto

142 3012 170 3077 si
186 3021 292 3076 totum
309 3020 456 3095 spectes,
474 3008 633 3095 geminas
648 3006 708 3091 qui
724 3018 860 3091 separat
874 3006 1010 3072 Arctos.
1158 3037 1193 3095 45
1230 3013 1236 3024 '

142 3136 205 3180 nec
222 3136 331 3190 mora,
350 3114 555 3189 Phoenicas,
575 3113 646 3177 sive
663 3111 713 3175 illi
729 3111 796 3175 tela
813 3114 993 3197 parabant,

141 3222 213 3286 sive
229 3221 362 3307 fugam,
381 3218 453 3284 sive
469 3218 543 3303 ipse
558 3218 659 3283 timor
674 3216 877 3303 prohibebat
892 3229 1088 3305 utrumque,

140 3336 306 3410 occupat:
332 3326 540 3399 hosmorsu,
557 3324 672 3409 longis
689 3324 906 3405 amplexibus
922 3321 1012 3398 illos,

140 3432 203 3496 hos
220 3441 320 3495 necat
336 3429 440 3493 afflati
458 3428 591 3492 funesta
606 3427 684 3489 tabe
701 3428 837 3491 veneni.

185 3536 329 3600 Fecerat
344 3533 490 3619 exiguus
502 3532 575 3618 jam
592 3530 642 3595 sol
659 3529 842 3595 altissimus
858 3532 1019 3597 umbras:
1160 3564 1195 3622 50

139 3662 228 3729 quae
246 3661 340 3703 mora
356 3639 398 3703 sit
414 3637 528 3711 sociiS,
546 3636 687 3699 miratur
702 3632 867 3719 Agenore
882 3648 997 3713 natust,

138 3746 352 3833 vestigatque
369 3743 480 3807 viros:
505 3752 667 3827 tegumen
683 3738 816 3821 direpta
832 3740 942 3806 leonis

139 3852 239 3936 pellis
256 3858 340 3922 erat,
358 3848 463 3912 telum
482 3842 673 3927 splendenti
691 3841 813 3906 lancea
829 3842 919 3908 ferro

140 3965 174 4021 et
185 3954 351 4043 jaculum,
370 3950 505 4035 teloque
523 3947 658 4011 animus
674 3947 900 4031 praestantior
915 3952 1021 4015 omni.
