2767 4467
138 288 303 362 vuum]
431 269 562 339 mtrem
585 266 854 363 fftltopchare.
877 283 881 293 ⁸

136 485 165 540 et
178 498 257 563 quos
274 475 484 564 Hippocodn
501 475 649 565 antiquis
666 475 759 543 misit
773 472 954 562 Amyclis;
974 474 979 481 ’

136 579 386 671 Penelopesque
403 592 501 649 soc'er
518 582 595 647 'cum
613 579 959 648 ParrhasioAnc‘aeo
969 603 979 657 ι
1128 610 1179 669 ³¹5

134 686 408 777 Ampycidesque
424 710 548 777 sagax,
561 698 601 754 -et
611 688 734 754 adhuc
748 709 770 753 a
779 687 934 776 conjuge
948 698 1040 756 tutus

135 786 298 871 Oeclides,
317 795 537 883 nemorisque
554 796 662 861 decus
675 794 843 883 Tegeaea
858 793 1005 882 Lycaei.

175 900 299 966 Rasilis
316 902 399 967 huic
413 902 784 968 summammordebat
798 900 905 966 fibula
919 911 1050 982 vestem
1062 923 1072 976 ι

124 1001 228 1072 'crinis
243 1010 497 1094 eratsimplex‚
515 1009 642 1074 nodum
660 1007 828 1075 collectus
841 1006 877 1072 in
892 1028 1021 1083 unumr

134 1132 174 1176 ex
189 1112 329 1179 humero
346 1115 502 1200 pendens
518 1114 703 1180 resonabat
716 1112 872 1181 eburnea
888 1112 989 1179 laevo
1129 1144 1181 1200 320

132 1219 266 1283 telorum
283 1223 424 1296 custos;
448 1239 720 1307 arcumquoque
734 1218 837 1288 laeva
848 1220 1012 1285 tenebat:

131 1324 202 1389 talis
217 1336 289 1391 erat
305 1326 422 1402 cultus
435 1326 566 1405 iacies,
585 1348 691 1415 quam
704 1326 823 1403 ‚dicere
838 1346 921 1392 vere
964 1366 968 1372 »
1005 1371 1010 1381 ,

131 1428 315 1518 virgineam
332 1433 368 1499 in
386 1454 507 1520 puero,
525 1434 692 1520 puerilem
709 1432 745 1498 in
760 1432 1057 1521 virginepossisr

173 1536 272 1605 Hanc
288 1539 418 1625 pariter
433 1539 530 1616 vidit,
548 1538 674 1625 pariter
689 1537 1025 1627 Calydoniush'eros

130 1645 262 1729 optavit,
281 1658 453 1712 renuente
466 1646 546 1722 deo,
560 1645 787 1733 flammasque
803 1646 965 1711 latentes.
992 1690 997 1697 ,
1128 1674 1179 1733 325

130 1750 302 1829 hausit‚.et
317 1750 376 1819 tO
392 1752 488 1829 felix,
506 1752 535 1819 si
551 1751 883 1841 quemdiguabitur’
898 1751 1008 1839 inquit

131 1856 212 1923 ‘ista
227 1858 361 1933 viruml
375 1859 392 1917 '.
427 1858 506 1938 Neo
521 1860 623 1946 plura
639 1859 720 1925 sinit
734 1870 939 1946 tempusque
955 1858 1139 1947 pudorque

130 1962 257 2031 dicere:
282 1966 398 2056 majus
414 1988 501 2052 opus
516 1966 638 2055 magni
655 1965 851 2031 certaminis
867 1975 1003 2053 urguet.

171 2069 265 2137 Silva
281 2072 446 2161 frequens
463 2072 630 2149 trabibus,
647 2093 752 2159 quam
769 2070 865 2137 nulla
881 2071 1054 2138 ceciderat
1068 2071 1178 2147 aretas,¹

130 2174 242 2264 incipit
257 2200 277 2245 a
293 2182 414 2266 plano,
434 2180 637 2266 devexaque
654 2178 817 2265 prospicit
832 2199 938 2244 arvae
1126 2207 1179 2263 330

129 2304 193 2371 quo
208 2297 392 2375 postquam
407 2290 534 2353 venere
549 2286 626 2362 uiri,
646 2307 727 2371 pars
742 2286 828 2353 retia
843 2285 998 2360 tendunt,

129 2390 261 2458 vincula
275 2400 368 2481 pars
379 2392 539 2459 adimunt
549 2392 710 2469 canibus,
727 2412 945 2479 parspressa
960 2399 1149 2477 sequuntur

129 2496 224 2585 signa
240 2502 393 2586 pedum·
403 2501 614 2589 cupiuntque
629 2505 730 2583 suum
747 2498 897 2586 reperire
914 2497 1096 2585 periclum.

129 2624 277 2673 concava
292 2608 397 2675 vallis
414 2618 499 2684 erat,
517 2628 585 2696 quo
602 2627 640 2673 se
655 2605 877 2692 demittere
850 2604 957 2670 nvi
1027 2639 1029 2645 ,

129 2712 311 2781 adsuerant
327 2716 488 2843 plumqlis
505 2734 639 2803 aquae·
662 2723 756 2821 tenet
770 2712 839 2777 ima
854 2712 1001 2777 lacunae
1124 2740 1175 2797 3³5

127 2816 217 2887 lenta
232 2822 324 2887 salix
340 2844 363 2887 u
364 2797 511 2909 iraeque
527 2822 582 2887 les
573 2843 621 2887 es
634 2777 799 2945 juncique
808 2818 997 2917 palustres,

128 2894 323 3015 viffi'iique
338 2940 373 2995 et
387 2928 494 3016 longa
511 2934 638 3015 partae
656 2928 721 2993 sub
736 2896 904 2993 amfridine
919 2909 1175 2992 carinae..

171 3030 264 3099 Hinc
280 3056 372 3120 aper
382 3034 514 3100 excitus
531 3033 662 3099 medios
677 3032 872 3099 violentus
863 3054 900 3097 m
916 3032 1032 3098 hostes

128 3136 241 3217 fertur,
259 3151 298 3206 ut
313 3141 471 3207 excussis
484 3141 560 3207 elisi
572 3139 752 3205 'nubibus
742 3160 854 3227 rgnes.

129 3244 285 3313 sternitur
301 3247 441 3313 incursu
457 3268 593 3329 nemus,
611 3256 644 3313 et
660 3245 823 3332 propulsa
839 3244 1014 3332 fragorem
1127 3273 1179 3328 340

128 3349 211 3419 silva
227 3355 300 3420 dat.
348 3353 557 3420 Exclamant
567 3351 726 3441 juvenes,
744 3363 988 3438 praetentaque
1004 3348 1082 3415 sorti

127 3458 192 3523 tela
207 3470 326 3527 tenent
342 3461 463 3527 dextra
478 3461 554 3526 lato.
564 3459 732 3525 vibrantia
750 3458 865 3524 ferro..

127 3560 183 3653 ille
198 3567 265 3633 ruit
281 3568 616 3656 spargitqueeanes,
634 3577 671 3630 ut
687 3564 831 3653 quisque
848 3561 973 3631 furenti

128 3671 247 3749 obstat,
266 3685 300 3740 et
316 3674 455 3761 obliquo
472 3674 634 3739 latrantes
651 3671 795 3756 dissipat
810 3670 893 3735 ictu..

128 3779 241 3864 cuspis
258 3779 429 3845 Echionio
445 3779 591 3865 primum
610 3788 762 3843 contorta
779 3778 908 3841 lacerto
1126 3803 1178 3858 345

128 3903 215 3950 vana
231 3886 307 3961 suit,
324 3895 513 3972 truncoque
530 3884 623 3949 dedit
637 3884 714 3949 leve
730 3882 859 3945 vulnus
870 3898 1009 3944 acerno.

129 3991 298 4075 proxima,
317 3991 347 4057 si
363 3990 477 4057 nimiis
494 3985 799 4057 mittentis-viribus
814 4004 878 4048 usa
945 4042 948 4048 .

646 4093 665 4147 6
