2767 4467
158 284 199 337 11.
215 282 293 355 377.]
474 264 545 333 rue
567 264 757 331 Heliades:
789 263 934 352 Cycnus.
1180 283 1224 353 29

161 465 239 529 illae
258 484 357 528 more
376 482 551 538 sumnam
570 482 700 527 morem
718 460 846 526 fecerat
861 483 957 539 usus,
1170 493 1220 549 345

163 572 371 658 plangorem
390 568 575 635 dederant:
601 570 713 654 equis
730 567 941 643 Phaethusa,
959 590 1114 635 sororum

165 679 330 752 maxima,
351 696 431 741 cum
450 675 551 739 vellet
567 684 656 739 terra
672 674 912 759 procumbere,
931 686 1051 761 questa
1067 687 1120 743 est

165 784 357 871 deriguisse
375 783 480 868 pedes
492 803 503 857 ς
528 780 693 868 adquam
711 792 834 846 conata
850 780 967 846 venire

164 892 312 956 candida
329 888 525 975 Lampetie,
544 887 655 955 subita
672 887 788 952 radice
805 896 935 953 retenta
950 898 1002 953 est
1012 910 1021 963 ;

164 999 274 1074 tertia,
294 1018 373 1063 cum
391 996 520 1062 crinem
538 993 698 1059 manibus
715 992 846 1059 laniare
862 1003 1012 1077 pararet,
1167 1026 1220 1083 350

165 1105 281 1169 avellit
297 1104 457 1178 sroudes;
482 1103 570 1168 haec
588 1100 701 1185 stipite
719 1119 818 1164 crura
834 1098 956 1175 teneri,

162 1210 223 1276 illa
239 1212 332 1276 dolet
347 1210 420 1275 fieri
436 1210 559 1297 longos
576 1228 639 1274 sua
656 1205 822 1272 bracchia
838 1225 965 1270 ramos.

164 1318 316 1403 dumque
334 1338 375 1381 ea
392 1316 568 1391 mirantur,
589 1311 827 1399 complectitur
842 1310 986 1399 inguina
1003 1324 1134 1391 cortex,

163 1444 293 1509 perque
320 1423 449 1511 gradus
474 1433 621 1498 uterum,
651 1431 852 1507 pectusque,
879 1420 1120 1509 humerosque,
1145 1445 1218 1488 ma-

298 1550 432 1616 nusque

162 1637 283 1713 ambit,
308 1649 342 1703 et
364 1637 543 1703 exstabant
559 1645 689 1701 tantum
708 1655 768 1699 ora
785 1631 943 1700 vocantia
961 1644 1133 1699 matrem..
1164 1666 1215 1725 355

209 1743 304 1829 Ouid
322 1744 425 1810 faciat
440 1742 570 1810 mater?
594 1742 672 1819 nisi,
691 1762 760 1829 quo
775 1741 889 1805 trahat
904 1738 1051 1825 impetus
1068 1740 1164 1808 illam

160 1852 232 1916 huc
248 1862 315 1927 eat,
335 1860 436 1938 atque
452 1848 556 1915 illuc?
580 1860 625 1925 et,
643 1850 725 1914 dum
744 1848 836 1923 licet,
855 1847 973 1913 oscula
985 1846 1132 1934 jungat?

40 1992 41 1997 κ
159 1980 231 2023 non
248 1957 330 2023 satis
346 1968 418 2032 est3
443 1956 570 2023 truncis
587 1957 736 2022 avellere
753 1974 899 2040 corpora
916 1963 1071 2038 temptat,

160 2076 195 2129 et
210 2074 345 2130 teneros
364 2063 520 2129 manibus
537 2084 650 2129 ramos
667 2062 860 2148 abrumpit:
885 2060 1016 2125 atinde

159 2170 375 2256 sanguineae
394 2181 544 2246 manant,
562 2181 737 2256 tamquam
755 2171 799 2235 de
816 2168 970 2245 vulnere,
989 2179 1118 2256 guttae.
1161 2186 1214 2254 360

161 2276 308 2351 ‘Parce,
324 2298 456 2361 precor,
474 2276 604 2351 muter,’
616 2296 855 2362 quaecumque
869 2285 920 2341 est
937 2275 1054 2339 saucia
1070 2277 1210 2353 clamat,

162 2392 302 2468 ‘parce
321 2381 463 2469 precor!
488 2395 641 2448 nostrum
656 2384 827 2448 laceratur
843 2382 878 2445 in
896 2381 1016 2447 arbore
1034 2402 1171 2469 corpus.

156 2488 299 2578 jamque
315 2490 391 2554 vale
403 2491 411 2521 ’
422 2501 594 2555 -cortex
610 2489 645 2553 in
660 2490 767 2555 verba
784 2487 969 2554 novissima
987 2488 1091 2554 venit.

160 2595 240 2660 inde
256 2595 366 2660 fluunt
381 2596 556 2672 lacrimae,
575 2596 768 2681 stillataque
783 2595 856 2661 sole
873 2595 1049 2683 rigescunt

161 2702 204 2765 de
221 2701 325 2766 ramis
342 2702 466 2767 electra
482 2702 592 2777 novis,
610 2722 701 2788 quae
717 2701 850 2768 lucidus
867 2702 977 2767 amnis
1160 2721 1211 2791 365

161 2807 289 2893 excipit
303 2818 337 2873 et
353 2809 494 2875 nuribus
511 2808 609 2874 mittit
625 2808 793 2896 gestanda
811 2808 957 2876 Latinis.

136 2958 146 2967 ..
157 2894 180 2952 ⁸¹
204 2912 325 2979 Adfuit
341 2914 421 2980 huic
438 2926 587 2980 monstro
604 2915 717 3000 proles
734 2914 933 2982 Stheneleia
951 2916 1107 3006 Cycnus,

155 3019 216 3109 qui
233 3020 292 3084 tihi
311 3033 463 3088 materno
480 3022 637 3108 quamvis
655 3043 675 3087 a
693 3025 862 3113 sanguiue
876 3026 1028 3120 junctus,

159 3137 271 3191 mente
288 3138 416 3204 tamen,
434 3128 626 3205 Phaethon,
646 3132 784 3218 propior
801 3133 882 3207 suit,
908 3133 964 3198 ille
982 3133 1155 3201 relicto-2

157 3252 239 3296 uam
256 3232 427 3321 Ligurum
444 3236 589 3323 populos
606 3248 640 3302 et
657 3259 805 3326 magnas
822 3252 958 3304 rexerat
974 3240 1129 3305 urbes-
1157 3268 1210 3323 370

157 3337 314 3425 imperio,
334 3340 427 3425 ripas
442 3342 570 3409 virides
589 3366 795 3432 amnemque
813 3346 973 3431 querellis

157 3443 347 3512 Eridanum
364 3447 535 3534 implerat,
555 3451 745 3538 silvamque
763 3452 933 3518 sororibus
950 3462 1110 3519 auctamr
1160 3454 1162 3458 ’

157 3558 235 3618 curn
251 3574 321 3619 vox
337 3565 388 3619 est
404 3566 542 3621 tenuata
558 3558 643 3634 viro,
663 3579 839 3644 canaeque
856 3560 999 3645 capillos

157 3657 373 3725 dissimulant
389 3665 541 3748 plumae,
560 3665 755 3750 collumque
772 3686 791 3728 a
808 3676 944 3749 pectore
960 3665 1065 3752 longe

155 3766 353 3856 porrigitur,
373 3770 566 3856 digitosque
582 3770 668 3858 ligat
680 3771 841 3858 junctura
857 3771 1031 3846 rubentes,
1156 3796 1207 3852 375

153 3893 267 3958 penna
285 3876 375 3941 latus
391 3875 503 3951 vestit,
522 3886 613 3940 tenet
628 3897 666 3941 os
684 3876 758 3939 sine
776 3875 934 3939 acumine
952 3886 1111 3940 rostrum.

152 3980 189 4047 fit
204 4002 297 4049 nova
314 3978 458 4069 Cycnus
474 3981 568 4055 avis;
592 4001 658 4045 nec
674 4003 711 4045 se
728 3980 891 4063 caeloque
903 3977 1050 4063 Jovique
