2767 4467
160 275 225 360 138
393 273 466 342 Tae
498 273 644 342 Wisdom
667 271 836 360 chtirg
854 272 990 348 Numa.
1066 292 1221 364 [Mamm

159 483 192 538 et
207 471 448 560 quodcumque
464 471 566 545 latet3
591 469 790 557 primusque
801 469 972 536 'animalia
986 471 1124 538 mensis.

158 579 271 666 arguit
287 577 429 664 imponi.
478 575 614 643 Primus
630 597 767 672 quoque
783 576 908 642 talibus
924 597 985 643 ora

159 685 258 750 docta
274 684 413 771 quidem
430 683 542 760 solvit,
560 683 622 749 sed
639 704 708 748 uon
726 694 758 748 et
775 682 917 759 credita,
933 675 1070 749 ¹verbis:

206 803 215 831 ⁶
231 790 379 866 Parcite,
397 790 571 865 mortales,
589 789 737 873 dapibus
753 799 921 854 temerare
939 789 1098 856 nefandis
1180 819 1199 874 7
1202 821 1223 878 3

159 919 302 984 corpora
316 895 324 961 l
371 895 460 962 Sunt
475 896 606 983 fruges,
624 906 702 960 suut
718 895 923 964 deducentia
938 917 1053 961 ramos

159 1004 311 1090 pondere
327 1023 430 1089 poma
447 1023 522 1077 su0,
540 1001 759 1086 tumidaeque
776 1000 810 1064 in
827 1000 1079 1078 vitibusuvae3

159 1121 238 1175 sunt
253 1109 380 1174 herbae
397 1109 528 1184 dulces,
547 1118 626 1172 sunt
641 1127 730 1193 quae
748 1106 926 1171 mitescere
943 1106 1082 1172 flamma

160 1215 352 1303 mollirique
368 1225 496 1304 queant
506 1235 516 1290 3
541 1235 606 1278 nec
620 1213 718 1305 ‘vobis
736 1212 867 1277 lacteus
885 1213 1009 1278 humor

159 1322 312 1406 eripitur,
330 1341 395 1386 nec
411 1321 513 1388 mella
530 1319 640 1406 thymi
656 1319 845 1383 redolentia
862 1317 958 1385 flore.
1180 1338 1225 1392 80

157 1427 305 1515 prodiga
322 1425 457 1492 divitias
474 1426 704 1511 alimentaque
721 1424 815 1489 mitia
830 1425 931 1490 tellus

159 1533 326 1621 suggerit,
345 1544 446 1620 atque
462 1531 583 1617 epulas
600 1531 673 1596 sine
690 1531 797 1596 caede
814 1542 847 1596 et
863 1532 1034 1620 sanguine
1053 1533 1222 1620 praebet.

158 1660 262 1705 carne
279 1640 371 1705 serae
388 1630 509 1703 sedant
520 1636 664 1727 jejunia,
683 1656 749 1702 nec
764 1648 878 1702 tamen
895 1659 1036 1726 omnest

157 1745 286 1835 quippe
302 1767 411 1832 equus
426 1756 460 1810 et
476 1744 625 1830 pecudes
643 1755 865 1832 armentaque
882 1746 1039 1834 gramine
1057 1745 1203 1819 vivunt3

159 1864 193 1918 at
208 1853 331 1939 quibus
348 1851 527 1939 ingenium
544 1863 595 1916 est
611 1850 934 1938 inmansuetumque
950 1852 1142 1940 serumque,
1178 1871 1200 1924 8
1204 1885 1223 1941 5

157 1957 414 2044 Armeniaeque
431 1957 537 2045 tigres
553 1957 778 2045 iracundique
794 1958 926 2034 leones,

158 2086 306 2152 cumque
322 2063 411 2150 lupis
427 2063 512 2140 ursi,
529 2063 676 2150 dapibus
693 2085 772 2130 cum
790 2065 960 2154 sanguine
977 2067 1140 2154 gaudent.

205 2182 214 2212 ⁶
232 2170 310 2236 Heu
327 2181 499 2258 quantum,
509 2172 622 2237 scelus
638 2171 739 2242 estin
756 2171 889 2238 viscera
905 2173 1038 2244 viscera
1054 2172 1172 2251 condi,

158 2289 391 2366 congestoque
408 2277 546 2342 avidum
563 2277 791 2365 pinguescere
808 2300 951 2365 corpore
969 2300 1105 2366 corpus,

158 2384 365 2472 alteriusque
382 2384 590 2450 animantem
607 2385 792 2453 animantis
808 2385 923 2452 viuere
940 2384 1028 2452 letol
1176 2419 1224 2475 90

202 2491 371 2559 ‘Scilicet
386 2491 420 2558 in
437 2491 539 2558 tantis
555 2491 691 2577 opibus,
709 2513 796 2579 quas
812 2493 942 2578 opt-ima
960 2503 1105 2561 matrum

156 2599 268 2666 Terra
284 2599 385 2687 parit,
403 2598 451 2667 nil
467 2599 582 2666 tenisi
599 2598 705 2666 tristia
722 2599 886 2680 mandere
902 2619 1008 2666 saevo

156 2709 300 2774 vulnera
316 2707 418 2774 dente
431 2707 540 2795 juvat,
558 2705 731 2793 rictusque
747 2706 874 2774 referre
886 2703 1109 2794 Cyclopum?

157 2837 235 2891 uec,
252 2815 318 2880 nisi
335 2814 524 2900 perdideris
541 2813 662 2889 alium,
680 2813 821 2899 placare
836 2812 972 2880 voracis

157 2932 191 2988 et
206 2922 297 2987 male
313 2920 435 2986 morati
451 2920 578 3008 poteris
590 2919 722 3008 jejunia
739 2917 889 2986 ventris?
948 2933 949 2938 ’
1177 2955 1221 3011 93

204 3028 277 3094 ‘At
291 3040 390 3095 vetus
403 3027 463 3093 illa
480 3039 588 3105 aetas,
606 3027 663 3093 cui
679 3026 823 3094 fecimus
839 3047 950 3092 aurea
966 3046 1106 3104 nomen,

158 3136 280 3202 fetibus
297 3136 449 3204 arboreis
465 3146 499 3202 et
513 3157 601 3223 quus
618 3136 743 3202 humus
760 3135 884 3201 educat
900 3133 1015 3202 herbis

157 3245 328 3309 fortunata
343 3244 419 3319 suit,
437 3264 502 3309 nec
518 3243 639 3329 polluit
653 3263 715 3308 ora
732 3263 863 3308 cruore.

156 3361 238 3416 tunc
253 3363 287 3415 et
303 3372 385 3416 aves
400 3362 493 3416 tutae
510 3371 648 3416 movere
664 3371 726 3435 per
743 3354 823 3416 aera
841 3369 986 3434 pennas,
1039 3401 1042 3410 .

157 3468 190 3522 et
205 3458 304 3544 lepus
320 3456 503 3542 inpavidus
520 3456 641 3522 mediis
658 3455 784 3524 erravit
800 3456 834 3520 in
851 3455 979 3532 herbis,
1008 3518 1012 3526 ,
1163 3489 1219 3530 100

157 3585 222 3630 nec
238 3584 301 3629 sua
318 3563 503 3629 credulitas
519 3563 650 3650 piscem
667 3563 894 3648 suspenderat
910 3562 1034 3637 ham03

157 3682 281 3736 cuncta
296 3670 370 3735 sine
386 3669 518 3735 insidiis
535 3670 734 3757 nullamque
749 3670 902 3736 timentia
919 3669 1076 3758 fraudem

157 3776 327 3861 plenaque
343 3775 439 3859 pacis
454 3761 565 3840 erant.
613 3775 800 3863 Postquam
817 3797 886 3842 non
903 3775 994 3841 utilis
1012 3786 1132 3841 auctor

157 3880 302 3945 victibus
318 3879 450 3955 invidit,
467 3880 622 3967 quisquis
639 3880 787 3958 mititte,
804 3882 970 3968 priorum,

158 4005 409 4072 corporeasque
425 3985 533 4071 dapes
549 3985 686 4051 avidam
702 3986 865 4054 demersit
880 3986 915 4052 in
932 3987 1063 4066 aluum,
1162 4021 1193 4060 ιο
1197 4021 1217 4076 ς
