2767 4467
125 302 176 356 111.
195 317 232 372 ιο,
245 305 304 377 32]
401 288 534 356 Winter
557 288 683 357 Scenes
706 291 743 358 r'n
774 291 920 362 Thrace.
1108 312 1170 385 177

250 501 285 567 3.
322 483 457 550 Wirter
478 483 605 552 Scenes
628 488 665 553 in
696 486 832 584 Thrace
858 489 925 580 (iii.
948 493 1026 582 to).

118 693 303 839 SIQJIS
323 699 440 766 adbuc
456 699 532 767 istie
546 701 701 768 meminit
716 700 868 771 Nasonis
887 706 1054 796 adempti,

212 802 256 869 Et
271 817 431 891 superest
445 806 519 872 siue
536 828 591 873 me
607 829 734 874 nomeu
749 810 784 875 in
802 809 898 878 Urbe
916 835 1046 894 meum,

116 906 335 994 suppositum
352 912 459 977 stellis
476 934 662 1001 numquam
679 917 901 1005 tangentibus
920 941 1049 1008 aequor

156 1015 215 1080 Me
231 1018 321 1083 sciat
335 1019 372 1083 in
390 1020 504 1085 media
518 1020 635 1087 vivere
653 1022 827 1090 barbarie.

114 1119 341 1193 Sauromatae
356 1127 513 1214 cingunt,
531 1127 604 1194 fera
620 1151 720 1217 gens,
741 1131 910 1221 Bessique
928 1133 1121 1224 Getaeque,
1151 1169 1166 1226 ς

155 1228 271 1315 Quam
289 1255 362 1300 non
377 1233 518 1322 ingenio
534 1236 675 1301 nomina
692 1237 802 1327 digna
819 1239 918 1307 meo!

113 1334 202 1403 Dum
217 1350 338 1407 tamen
354 1362 438 1407 aura
454 1354 558 1428 tepet,
577 1343 690 1410 medio
709 1345 927 1414 defendimur
943 1347 1083 1417 Histro:

153 1444 216 1514 Ille
232 1450 308 1516 suis
325 1449 474 1538 liquidus
491 1451 582 1516 bella
598 1453 734 1537 repellit
750 1454 862 1540 aquis.

111 1551 157 1620 At
172 1576 252 1622 curn
267 1557 374 1623 tristis
389 1558 525 1643 hiemps
541 1560 733 1645 squalentia
749 1560 888 1647 protulit
902 1583 976 1640 ora,

153 1662 336 1753 Terraque
354 1686 546 1731 marmoreo
560 1667 712 1732 candida
726 1668 819 1734 facta
833 1670 916 1758 gelu
932 1680 996 1745 est,

113 1767 204 1836 Dum
220 1785 315 1840 vetat
329 1785 362 1838 et
378 1771 508 1839 Boreas
524 1785 558 1840 et
573 1775 635 1839 nix
651 1775 807 1843 habitare
823 1777 887 1842 sub
903 1775 1025 1854 Anto,

155 1879 250 1946 Tum
263 1881 385 1968 liquet,
404 1881 467 1945 has
484 1892 606 1968 gentes
622 1903 689 1947 axe
706 1893 872 1949 tremente
889 1883 1012 1970 premi.

114 1982 184 2049 Nix
196 1987 304 2075 jacet,
321 1997 355 2052 et
370 1987 520 2076 glaciem
536 2009 602 2053 nec
617 1989 668 2054 sol
684 1989 868 2075 pluviaeve
884 1991 1074 2067 resolvunt,

158 2091 301 2160 Indurat
317 2091 449 2160 Boreas
463 2107 734 2182 perpetuamque
751 2097 853 2172 facit3

116 2194 209 2287 Ergo
224 2200 284 2266 ubi
301 2201 440 2266 delicuit
455 2202 608 2266 nondum
624 2202 731 2286 prior,
750 2203 857 2268 altera
874 2203 980 2280 venit,

160 2305 204 2372 Et
219 2308 354 2373 soletis
371 2307 487 2372 multis
501 2307 595 2372 bima
613 2328 752 2382 manere
769 2309 866 2376 locis.

116 2411 297 2502 Tantaque
312 2412 474 2480 commoti
488 2414 541 2479 vis
555 2424 608 2479 est
623 2412 820 2501 Aquilonis,
839 2425 877 2481 ut
894 2416 981 2482 altas

161 2518 297 2608 Aequet
312 2522 418 2585 humo
434 2531 543 2585 turres
558 2531 717 2607 tectaque
733 2533 830 2607 rapta
847 2522 947 2588 ferat.

119 2622 268 2693 Pellibus
284 2638 318 2692 et
333 2626 416 2692 sutis
433 2637 550 2691 arcent
566 2626 658 2691 mala
675 2627 805 2714 frigora
819 2628 971 2704 braccis,

162 2731 300 2822 Oraque
315 2732 359 2798 de
375 2743 444 2799 toto
460 2753 603 2818 corpore
620 2732 695 2797 sola
712 2742 839 2818 patent.

120 2835 231 2927 Saepe
247 2852 370 2907 sonant
386 2839 468 2905 moti
484 2839 598 2927 glacie
614 2839 785 2924 pendente
802 2840 932 2926 capilli,

162 2946 206 3013 Et
221 2947 304 3012 nitet
318 2946 457 3011 inducto
473 2945 622 3011 candida
637 2946 746 3010 barba
763 2947 859 3032 gelu.

119 3052 291 3142 Nudaque
307 3053 507 3127 consistunt,
524 3052 672 3119 formam
689 3053 861 3118 servantia
876 3063 997 3129 testae,

160 3162 268 3236 Vina,
286 3181 352 3227 nec
367 3161 490 3224 hausta
507 3159 605 3236 meri,
624 3160 686 3225 sed
702 3159 783 3225 data
798 3159 905 3224 frusta
920 3161 1053 3226 bibunt.

120 3268 213 3356 Quid
230 3271 363 3359 loquar,
380 3279 417 3334 ut
432 3267 537 3332 vincti
553 3278 778 3333 concrescant
794 3265 921 3354 frigore
938 3266 1014 3342 rivi,

163 3378 285 3465 Deque
301 3377 380 3442 lacu
396 3375 538 3464 fragiles
554 3374 761 3440 effodiantur
777 3371 911 3459 aquae?

18 3504 19 3509 ’
119 3483 210 3572 Ipse,
227 3483 424 3571 papyrifero
439 3482 498 3570 qui
514 3505 582 3548 non
599 3480 777 3569 angustior
793 3500 895 3547 amne

162 3591 329 3659 Miscetur
344 3602 441 3657 vasto
457 3591 564 3655 multa
579 3610 641 3676 per
657 3609 718 3654 ora
735 3587 833 3663 fretu,

120 3697 306 3766 Caeruleos
322 3697 433 3763 ventis
449 3695 568 3761 latices
584 3693 800 3770 durantibus,
822 3693 940 3760 Hister

164 3803 349 3892 Congelat‚
366 3813 400 3867 et
416 3802 511 3867 tectis
527 3801 564 3865 in
581 3821 674 3867 mare
692 3800 797 3885 serpit
814 3801 925 3886 aquis.

123 3909 267 3998 Qaque
283 3920 376 3974 rates
391 3907 514 3982 ierant,
532 3906 675 3992 pedibus
693 3927 785 3970 nunc
801 3905 879 3981 itur,
898 3918 931 3972 et
946 3902 1058 3970 undas

163 4015 306 4104 Frigore
323 4023 504 4080 concretas
520 4011 652 4097 ungula
669 4011 784 4094 pulsat
800 4011 899 4093 equi3
