2767 4467
172 296 215 369 52
412 312 414 317 ·
440 282 511 349 Tha
544 284 762 373 Wunder-ing
780 286 829 371 of
846 284 963 351 Ceres.
1080 302 1225 375 [Mem

172 489 205 544 et
221 489 365 544 matrem
382 491 415 545 et
431 480 584 556 comites,
603 482 665 547 sed
681 490 825 546 matrem
842 479 994 565 saepius,
1011 501 1072 547 ore

172 584 317 659 clamat;
343 597 427 651 et-ut
442 608 577 651 summa
592 600 724 652 vestem
739 587 885 653 laniarat
901 586 946 651 ab
962 607 1043 664 ora,
1062 642 1066 652 .

171 691 304 756 collecti
321 690 423 757 flores
439 692 567 757 tunicis
577 693 737 757 cecidere
752 692 916 758 remissis.

171 807 331 883 tantaque
349 798 548 883 simplicitas
566 799 754 883 puerilibus
764 799 879 863 adfuit
893 798 1007 879 annis
1170 834 1225 885 400

171 902 259 966 haec
274 923 409 989 quoque
425 900 620 990 virgineum
636 902 750 967 movit
753 903 890 991 jactura
904 905 1069 971 dolorem.

216 1006 350 1093 Raptor
366 1008 438 1095 agit
455 1030 587 1084 currus,
606 1020 639 1073 et
652 1009 793 1074 nomine
808 1031 982 1098 quomque
996 1022 1138 1079 vocatos

171 1108 374 1179 exhortatur
383 1136 505 1201 equos,
522 1134 667 1201 qnorum
684 1136 746 1200 per
761 1115 851 1181 colla
864 1116 1037 1204 jubasque

146 1306 147 1309 Ἴ
170 1219 297 1285 excutit
312 1216 458 1285 obscura
475 1220 597 1285 tinctas
614 1220 789 1309 ferrugine
800 1209 994 1288 habenam
1024 1253 1036 1284 ι

168 1346 298 1412 perque
314 1327 412 1391 lacus
428 1327 516 1391 altos
531 1338 564 1391 et
579 1328 707 1393 olentia
723 1328 975 1395 sulfure'fertur
1167 1362 1220 1417 405

169 1440 293 1515 stagna
309 1428 519 1505 Palicorum,
538 1441 638 1514 rupta
655 1431 822 1497 ferventia
836 1442 949 1507 terra;
967 1477 971 1484 .

169 1547 284 1621 etqua
302 1534 537 1611 Bacchiadae,
554 1536 676 1601 bimari
693 1558 781 1623 gens
796 1548 869 1601 orta
887 1536 1069 1616 Corintho,

168 1640 256 1705 inter
271 1641 470 1727 inaequales
486 1644 672 1727 posuerunt
688 1642 825 1707 moenia
833 1655 999 1730 ‘portuss—¹

213 1746 275 1811 Est
292 1747 603 1835 medium-Cyanes
618 1760 656 1813 et
668 1748 813 1815 Pisaeae
829 1747 1037 1827 Arethusae,
1191 1817 1194 1824 ,

168 1852 259 1939 quod
277 1853 344 1918 coit
360 1856 515 1941 angustis
531 1854 703 1920 inclusum
713 1856 879 1921 comibus
895 1867 1053 1943 aequor..
1165 1890 1219 1942 4¹⁰

168 1957 224 2021 hic
241 1957 315 2032 fuit,
333 1977 354 2020 a
371 1958 469 2045 cujus
485 1970 647 2045 stagnum
660 1980 800 2047 quoque
816 1959 954 2025 nomine
970 1960 1097 2027 dictum
1115 1974 1179 2037 est,
1260 1966 1266 1972 ⁴

167 2062 254 2128 inter
270 2062 440 2129 Sicelidas
457 2063 579 2151 Cyane
596 2065 819 2151 celeberrima
836 2066 1018 2151 nymphas.

166 2169 304 2257 gurgite
321 2191 411 2256 quae
428 2170 541 2236 medio
557 2192 692 2235 summa
709 2182 807 2236 tenus
824 2170 950 2236 exstitit
966 2173 1057 2248 alvo,

167 2275 374 2362 agnovitque
390 2278 514 2343 deam:
536 2288 548 2341 2‘
562 2276 640 2343 Nec
655 2277 793 2365 longius
809 2275 916 2342 ibitis’
932 2277 1077 2371 inquit3‘

167 2392 258 2446 ‘non
276 2394 372 2467 potes
390 2383 515 2448 inuitae
532 2382 673 2449 Cereris.
686 2404 795 2469 gener
810 2404 908 2448 esser
934 2384 1103 2470 roganda,
1163 2416 1215 2471 4¹5
1248 2424 1252 2434 ι

89 2486 94 2495 ”
165 2510 234 2552 non
251 2488 418 2573 rapienda
435 2489 508 2553 suit.
559 2487 665 2572 Quod
681 2489 709 2553 si
726 2508 934 2573 componere
948 2489 1089 2577 magnis
1136 2520 1140 2526 ·

165 2616 271 2681 parva
289 2595 371 2660 mihi
389 2595 440 2660 fas
457 2605 519 2670 est,
537 2606 570 2661 et
587 2616 641 2659 me
656 2594 777 2660 dilexit
791 2593 947 2680 Anapis:

165 2715 305 2768 exorata
321 2714 449 2777 tamen,
468 2722 545 2777 nec,
563 2712 600 2767 ut
616 2702 717 2777 haec,
734 2701 894 2768 exterrita
910 2701 1035 2786 nupsi!

164 2808 262 2884 dixit,
280 2820 314 2874 et
327 2810 364 2874 in
383 2819 495 2893 partes
512 2808 666 2873 diversas
683 2808 844 2898 bracchia
859 2808 1004 2883 tendens

164 2914 301 2981 obstitit.
352 2914 456 2979 Haud
473 2916 561 2978 ultra
579 2912 883 2979 tenuitSaturnius
900 2913 1000 2989 iram,
1162 2946 1215 2998 420

162 3020 398 3106 terribilesque
415 3020 566 3085 hortatus
582 3040 689 3105 equos
705 3018 740 3083 in
756 3019 904 3106 gurgitis
919 3020 989 3085 ima

164 3138 352 3191 contortum
370 3126 485 3191 valido
501 3136 673 3211 sceptrum
690 3126 809 3213 regale
826 3126 960 3192 lacerto.

163 3232 326 3298 condidit.
376 3231 447 3297 Icta
465 3232 554 3297 viam
572 3232 672 3297 tellus
688 3231 724 3296 in
741 3232 888 3297 Tartara
905 3232 997 3308 fecit,

163 3350 196 3403 et
213 3359 337 3423 pronos
354 3359 473 3403 currus
492 3338 603 3403 medio
619 3350 751 3405 cratere
767 3338 909 3422 recepit.
978 3335 981 3341 ’

207 3442 254 3508 At
270 3442 392 3529 Cyane
409 3455 610 3530 raptamque
626 3444 727 3509 deam
744 3451 1008 3530 contemptaque
1024 3443 1125 3511 fontis
1157 3476 1210 3532 423

119 3554 122 3559 '
157 3549 236 3636 jura
252 3550 304 3615 sui
322 3571 491 3624 maerens,
509 3549 755 3615 inconsolabile
771 3552 896 3616 vulnus

108 3694 113 3704 ι
161 3668 274 3721 mente
290 3655 379 3744 gerit
393 3654 507 3728 tacita,
526 3655 745 3742 lacrimisque
762 3649 951 3721 absumitur
964 3656 1098 3731 omnis3

161 3773 194 3826 et
209 3784 353 3849 quarum
370 3761 480 3825 fuerat
497 3772 662 3847 magnum
679 3762 782 3827 modo
798 3784 939 3837 numen,
957 3762 993 3827 in
1009 3762 1086 3828 illas

160 3878 363 3933 extenuatur
379 3886 496 3953 aquas.
547 3864 676 3931 Molli-ri
694 3868 847 3932 membra
863 3868 1012 3945 videres,

159 3994 237 4037 ossa
253 3972 323 4057 pati
339 3971 462 4047 flexus,
481 3992 616 4059 ungues
631 3972 787 4057 posuisse
803 3972 976 4060 rigoremr
1152 3978 1210 4061 '430
