2767 4467
216 233 262 303 66
446 236 482 305 Τ
475 239 516 305 he
538 238 812 306 Enchantments
836 242 885 325 of
896 239 1037 306 Medea.
1121 256 1270 328 [Merum.
1335 293 1357 342 ,ἱ

217 436 392 524 multaque
407 436 562 522 perpessi
578 438 672 503 claro
689 437 753 503 sub
770 436 894 503 I'asone
911 437 1051 503 tandem
1254 464 1270 521 ς
1309 505 1311 510 ,

217 543 432 629 contigerant
448 544 586 629 rapidas
602 544 713 609 limosi
730 544 900 609 Phasidos
916 545 1039 608 undas.
1071 631 1073 635 ι

262 647 423 735 Dumque
440 651 567 715 adeunt
583 672 714 737 regern,
730 649 949 737 Phrixeaque
962 651 1091 714 vellera
1109 648 1268 734 poscunt,
1355 727 1357 738 ἶ

216 775 352 841 voxque
369 754 468 819 datur
484 756 634 821 numeris
652 777 856 843 magnorum
875 757 1045 830 horrenda
1062 755 1248 830 laborum,
1310 741 1312 744 ’

218 861 365 947 concipit
380 860 509 925 interea
524 850 657 927 validos
672 861 814 927 Aeetias
830 862 951 949 ignes;
983 894 985 897 ·

217 977 250 1030 et
265 967 390 1031 luctata
408 967 479 1043 diu,
498 979 677 1055 postquam
694 969 824 1033 ratione
841 970 990 1033 furorem
1235 999 1288 1037 10.
1335 1045 1337 1048 ,

215 1072 355 1137 vincere
371 1095 439 1138 non
456 1084 600 1159 poterat,
620 1074 799 1149 ‘Frustra,
817 1073 959 1150 Medea,
978 1095 1177 1163 repugnas:

217 1179 425 1266 nescioquis
443 1179 528 1244 deus
544 1180 672 1245 obstat'
688 1179 746 1254 ait,
767 1180 995 1268 ‘mirumque,
1014 1182 1079 1247 nisi
1096 1183 1164 1246 hoc
1180 1189 1243 1256 est,
1287 1247 1293 1257 ,
1355 1195 1357 1252 ;

217 1296 275 1349 aut
291 1285 420 1371 aliquid
437 1297 527 1349 certe
544 1286 655 1351 simile
672 1286 765 1360 huic,
784 1287 875 1373 quod
891 1309 1013 1350 amare
1026 1298 1190 1352 vocatur:
1355 1307 1357 1338 ¹

216 1413 297 1455 nam
315 1412 376 1455 cur
387 1391 484 1478 jussa
500 1392 605 1477 patris
623 1380 765 1457 nimium
785 1393 867 1456 mihi
885 1394 972 1459 dura·
986 1392 1168 1459 videntur?
1310 1480 1312 1483 y
1350 1359 1357 1444 i

216 1507 294 1563 sunt
318 1518 454 1584 quoque
479 1497 564 1562 dura
589 1498 705 1573 nimis,
752 1498 838 1576 Cur,
864 1521 967 1587 quem
992 1501 1099 1572 modo¹
1118 1497 1283 1586 denique
1353 1446 1357 1600 i

351 1603 433 1678 Vidi,
746 1605 755 1619 “
1213 1598 1264 1691 ⁸15
1355 1641 1357 1745 q

215 1731 258 1774 ne
276 1722 404 1795 pereat,
423 1710 547 1777 timeo?
572 1734 661 1799 quae
676 1705 760 1777 tanti
778 1734 882 1779 causa
899 1701 1052 1779 timoris?
1298 1803 1300 1810 Ι
1350 1755 1357 1842 q

215 1830 337 1881 excute
354 1815 509 1903 virgineo
527 1832 711 1903 conceptas
729 1834 864 1904 pectore
881 1821 1053 1896 flammas,
1355 1879 1357 1908 ,

215 1922 242 1987 s'i
260 1937 368 2007 potes,
387 1924 533 2012 inselixg
567 1926 606 1989 Si
623 1928 908 2010 possem,sanior
924 1947 1058 1991 essem:
1161 1978 1164 1984 .
1259 1944 1263 1950 ’

214 2031 275 2095 sed
292 2043 414 2117 gravat
430 2030 569 2096 invitam
587 2055 676 2096 nova
692 2033 764 2108 vis;
790 2014 950 2120 aliudque
968 2032 1106 2118 cupido,
1208 2102 1211 2109 ,
1252 2019 1257 2088 Ῐ
1307 2078 1310 2087 ·
1355 2015 1357 2096 r

214 2158 312 2201 mens
328 2137 421 2202 aliud
437 2139 568 2203 suadet.
617 2138 729 2228 Videp
746 2137 901 2241 melipra,
920 2134 1117 2241 prqboque:
1162 2162 1165 2165 ’
1233 2166 1265 2206 20
1355 2123 1357 2172 3

214 2218 381 2308 deteriord
398 2266 534 2331 sequor.
585 2243 679 2329 Quid
697 2246 730 2309 in
750 2245 893 2330 hospite,
911 2245 1009 2333 regia
1026 2246 1139 2332 virgo,
1238 2247 1240 2250 ’
1309 2314 1312 2323 ,
1355 2273 1357 2284 ·

202 2351 334 2426 ureris,
353 2364 386 2417 et
401 2353 570 2416 thalamos
588 2352 690 2415 alieni
708 2352 862 2437 concipis
879 2350 994 2417 orbis?

212 2456 300 2523 haec
324 2479 459 2545 quoque
483 2467 574 2521 terra
600 2468 723 2542 potest,
747 2459 840 2543 quod
863 2478 972 2533 ames,
998 2457 1095 2522 dare.
1144 2453 1257 2528 Vivat,

347 2564 465 2628 anille
1239 2586 1242 2592 ’
1350 2559 1357 2662 ³:

210 2669 357 2744 occidat,
376 2670 409 2733 in
427 2670 480 2736 dis
497 2679 558 2735 est.
606 2668 712 2734 Vivat
727 2680 863 2735 tamen:
888 2669 991 2758 idque
1008 2667 1142 2755 precari
1355 2673 1357 2736 ἔ

209 2776 265 2839 vel
282 2777 355 2841 sine
372 2797 488 2840 amore
505 2777 595 2841 licet.
646 2774 741 2857 Quid
759 2777 849 2841 enim
868 2776 1037 2841 commisit
1053 2770 1181 2839 I'ason?
1223 2800 1256 2855 25
1355 2794 1357 2826 ¹

209 2900 325 2966 quem,
344 2879 408 2944 nisi
425 2881 613 2954 crudelem,
633 2902 700 2944 non
716 2892 836 2966 tangat
853 2882 986 2945 iiisonis
1002 2879 1099 2945 aetas
1355 2829 1357 2954 i

208 2996 242 3049 et
258 3006 368 3072 genus
385 2996 418 3050 et
432 2983 560 3049 virtus?
584 3006 685 3070 quem
704 3006 785 3059 non,
800 2994 840 3050 'ut
856 3001 969 3051 cetera
985 2987 1110 3061 desint,
1146 2993 1150 3003 ’
1355 2981 1357 3054 f

207 3112 267 3155 ore
284 3112 421 3156 movere
438 3090 568 3176 potest?
592 3102 682 3155 certe
700 3112 776 3153 mea
793 3105 929 3175 pectora
948 3093 1064 3157 movit.
1355 3071 1357 3158 i

254 3197 324 3262 ‘At
340 3196 404 3261 nisi
421 3218 522 3281 opem
539 3197 659 3269 tulero,
679 3207 856 3273 taurorum,
868 3174 1050 3261 adflabitur
1065 3217 1138 3271 ore,
1199 3223 1203 3228 ·
1355 3163 1357 3294 Ι

206 3314 453 3389 concurretque
470 3324 552 3367 suae
570 3300 696 3387 segetis
713 3302 832 3365 tellure
849 3302 972 3365 creatis
1076 3328 1079 3333 ·
1218 3329 1255 3381 30
1355 3299 1357 3322 '

206 3408 372 3483 hostibus,
392 3419 449 3472 aut
466 3408 567 3471 avido
584 3406 719 3487 dabitur
735 3406 807 3469 sera
824 3408 952 3490 praeda
969 3407 1125 3473 draconi.

205 3514 271 3578 hoc
288 3536 354 3603 ego
371 3514 399 3579 si
416 3513 538 3598 patiar,
557 3523 627 3573 tum
646 3530 700 3573 me
717 3510 760 3573 de
775 3509 898 3595 tigride
915 3523 1045 3586 natam,

203 3628 273 3683 tum
291 3621 417 3686 serrum
435 3630 468 3684 et
484 3616 644 3701 scopulos
660 3627 795 3699 gestare
811 3614 846 3676 in
863 3616 965 3679 corde
983 3617 1125 3681 fatebor.

204 3746 264 3788 cur
280 3750 349 3791 non
366 3737 399 3791 et
415 3737 531 3809 specto
548 3730 762 3806 pereuntem,
780 3720 965 3803 oculosque
982 3722 1133 3786 videndo

203 3829 422 3896 conscelero?
446 3850 507 3893 cur
522 3846 592 3890 non
608 3834 724 3886 tauros
739 3823 899 3885 exhortor
915 3824 949 3885 in
968 3825 1078 3898 illum,
1217 3856 1251 3910 35
1347 3877 1349 3882 .

202 3936 460 4023 terrigenasque
475 3933 580 4004 feros,
598 3925 849 4015 insopitumque
864 3927 1073 3993 draconem?
1114 3947 1140 4001 r
