<?xml version="1.0" encoding="UTF-8"?>
<!DOCTYPE html PUBLIC "-//W3C//DTD XHTML 1.0 Transitional//EN"
    "http://www.w3.org/TR/xhtml1/DTD/xhtml1-transitional.dtd">
<html xmlns="http://www.w3.org/1999/xhtml" xml:lang="en" lang="en">
 <head>
  <title>
</title>
<meta http-equiv="Content-Type" content="text/html;charset=utf-8" />
  <meta name='ocr-system' content='tesseract 3.04.00' />
  <meta name='ocr-capabilities' content='ocr_page ocr_carea ocr_par ocr_line ocrx_word'/>
</head>
<body>
  <div class='ocr_page' id='page_1' title='image "./poemataquaedame01ovidgoog_0069.png"; bbox 0 0 2767 4467; ppageno 0'>
   <div class='ocr_carea' id='block_1_1' title="bbox 129 248 1174 362">
    <p class='ocr_par' dir='ltr' id='par_1_1' title="bbox 129 248 1174 362">
     <span class='ocr_line' id='line_1_1' title="bbox 129 248 1174 362; baseline -0.005 -20"><span class='ocrx_word' id='word_1_1' title='bbox 129 290 160 345; x_wconf 85' lang='lat' dir='ltr'>v.</span> <span class='ocrx_word' id='word_1_2' title='bbox 177 288 245 362; x_wconf 82' lang='lat'><strong>53²·]</strong></span> <span class='ocrx_word' id='word_1_3' title='bbox 305 272 377 340; x_wconf 76' lang='lat' dir='ltr'>She</span> <span class='ocrx_word' id='word_1_4' title='bbox 401 274 574 341; x_wconf 78' lang='lat' dir='ltr'><em>discovers</em></span> <span class='ocrx_word' id='word_1_5' title='bbox 596 270 836 362; x_wconf 57' lang='lat' dir='ltr'>Prosopites</span> <span class='ocrx_word' id='word_1_6' title='bbox 857 268 992 339; x_wconf 81' lang='lat' dir='ltr'>Abode.</span> <span class='ocrx_word' id='word_1_7' title='bbox 1056 248 1064 264; x_wconf 63' lang='grc'><strong>’</strong></span> <span class='ocrx_word' id='word_1_8' title='bbox 1130 282 1174 355; x_wconf 79' lang='lat'>55</span> 
     </span>
    </p>
   </div>
   <div class='ocr_carea' id='block_1_2' title="bbox 128 468 1179 769">
    <p class='ocr_par' dir='ltr' id='par_1_2' title="bbox 128 468 1179 769">
     <span class='ocr_line' id='line_1_2' title="bbox 130 468 931 558; baseline 0 -25"><span class='ocrx_word' id='word_1_9' title='bbox 130 470 271 536; x_wconf 87' lang='lat' dir='ltr'>advehar</span> <span class='ocrx_word' id='word_1_10' title='bbox 286 470 488 558; x_wconf 85' lang='lat' dir='ltr'>Ortygiam,</span> <span class='ocrx_word' id='word_1_11' title='bbox 504 472 619 538; x_wconf 87' lang='lat' dir='ltr'>veniet</span> <span class='ocrx_word' id='word_1_12' title='bbox 634 468 828 539; x_wconf 87' lang='lat' dir='ltr'>narratibus</span> <span class='ocrx_word' id='word_1_13' title='bbox 843 468 931 535; x_wconf 85' lang='lat' dir='ltr'>hora</span> 
     </span>
     <span class='ocr_line' id='line_1_3' title="bbox 128 576 1179 664; baseline 0.005 -26"><span class='ocrx_word' id='word_1_14' title='bbox 128 577 319 661; x_wconf 86' lang='lat' dir='ltr'>tempestiva</span> <span class='ocrx_word' id='word_1_15' title='bbox 338 577 437 651; x_wconf 83' lang='lat' dir='ltr'>meis,</span> <span class='ocrx_word' id='word_1_16' title='bbox 456 598 534 643; x_wconf 89' lang='lat' dir='ltr'>cum</span> <span class='ocrx_word' id='word_1_17' title='bbox 550 588 585 643; x_wconf 90' lang='lat' dir='ltr'>tu</span> <span class='ocrx_word' id='word_1_18' title='bbox 601 597 753 664; x_wconf 89' lang='lat' dir='ltr'>curaque</span> <span class='ocrx_word' id='word_1_19' title='bbox 768 576 883 641; x_wconf 86' lang='lat' dir='ltr'>levata</span> <span class='ocrx_word' id='word_1_20' title='bbox 1122 601 1179 660; x_wconf 75' lang='lat'>500</span> 
     </span>
     <span class='ocr_line' id='line_1_4' title="bbox 128 680 936 769; baseline 0.004 -25"><span class='ocrx_word' id='word_1_21' title='bbox 128 692 157 745; x_wconf 90' lang='lat' dir='ltr'>et</span> <span class='ocrx_word' id='word_1_22' title='bbox 169 682 278 747; x_wconf 87' lang='lat' dir='ltr'>vultus</span> <span class='ocrx_word' id='word_1_23' title='bbox 295 683 448 749; x_wconf 86' lang='lat' dir='ltr'>melioris</span> <span class='ocrx_word' id='word_1_24' title='bbox 466 683 545 761; x_wconf 87' lang='lat' dir='ltr'>eris.</span> <span class='ocrx_word' id='word_1_25' title='bbox 593 682 683 749; x_wconf 86' lang='lat' dir='ltr'>Mihi</span> <span class='ocrx_word' id='word_1_26' title='bbox 700 682 819 769; x_wconf 90' lang='lat' dir='ltr'>pervia</span> <span class='ocrx_word' id='word_1_27' title='bbox 834 680 936 747; x_wconf 84' lang='lat' dir='ltr'>tellus</span> 
     </span>
    </p>
   </div>
   <div class='ocr_carea' id='block_1_3' title="bbox 22 782 985 876">
    <p class='ocr_par' dir='ltr' id='par_1_3' title="bbox 22 782 985 876">
     <span class='ocr_line' id='line_1_5' title="bbox 22 782 985 876; baseline 0.002 -27"><span class='ocrx_word' id='word_1_28' title='bbox 22 782 24 787; x_wconf 75' lang='grc'>’</span> <span class='ocrx_word' id='word_1_29' title='bbox 126 787 256 871; x_wconf 91' lang='lat' dir='ltr'>praebet</span> <span class='ocrx_word' id='word_1_30' title='bbox 272 788 349 864; x_wconf 90' lang='lat' dir='ltr'>iter,</span> <span class='ocrx_word' id='word_1_31' title='bbox 368 790 552 876; x_wconf 85' lang='lat' dir='ltr'>subterque</span> <span class='ocrx_word' id='word_1_32' title='bbox 567 788 655 855; x_wconf 88' lang='lat' dir='ltr'>imas</span> <span class='ocrx_word' id='word_1_33' title='bbox 671 790 787 855; x_wconf 89' lang='lat' dir='ltr'>ablata</span> <span class='ocrx_word' id='word_1_34' title='bbox 803 806 985 862; x_wconf 81' lang='lat' dir='ltr'>cavernas,</span> 
     </span>
    </p>
   </div>
   <div class='ocr_carea' id='block_1_4' title="bbox 22 892 1182 4054">
    <p class='ocr_par' dir='ltr' id='par_1_4' title="bbox 122 892 1169 1515">
     <span class='ocr_line' id='line_1_6' title="bbox 125 892 929 983; baseline 0.005 -28"><span class='ocrx_word' id='word_1_35' title='bbox 125 892 175 957; x_wconf 91' lang='lat' dir='ltr'>hic</span> <span class='ocrx_word' id='word_1_36' title='bbox 190 906 292 979; x_wconf 89' lang='lat' dir='ltr'>caput</span> <span class='ocrx_word' id='word_1_37' title='bbox 309 896 441 971; x_wconf 89' lang='lat' dir='ltr'>attollo,</span> <span class='ocrx_word' id='word_1_38' title='bbox 458 897 665 983; x_wconf 84' lang='lat' dir='ltr'><strong>desuetaque</strong></span> <span class='ocrx_word' id='word_1_39' title='bbox 682 896 796 963; x_wconf 87' lang='lat' dir='ltr'>sidera</span> <span class='ocrx_word' id='word_1_40' title='bbox 811 915 929 961; x_wconf 86' lang='lat' dir='ltr'>cerno.</span> 
     </span>
     <span class='ocr_line' id='line_1_7' title="bbox 125 1000 920 1089; baseline 0.003 -26"><span class='ocrx_word' id='word_1_41' title='bbox 125 1020 200 1085; x_wconf 81' lang='lat' dir='ltr'>ergo</span> <span class='ocrx_word' id='word_1_42' title='bbox 216 1000 299 1065; x_wconf 87' lang='lat' dir='ltr'>dum</span> <span class='ocrx_word' id='word_1_43' title='bbox 317 1000 443 1088; x_wconf 88' lang='lat' dir='ltr'>Stygio</span> <span class='ocrx_word' id='word_1_44' title='bbox 459 1002 523 1067; x_wconf 89' lang='lat' dir='ltr'>sub</span> <span class='ocrx_word' id='word_1_45' title='bbox 538 1003 637 1068; x_wconf 89' lang='lat' dir='ltr'>terris</span> <span class='ocrx_word' id='word_1_46' title='bbox 654 1001 793 1089; x_wconf 82' lang='lat' dir='ltr'>gurgite</span> <span class='ocrx_word' id='word_1_47' title='bbox 809 1001 920 1075; x_wconf 90' lang='lat' dir='ltr'>labor,</span> 
     </span>
     <span class='ocr_line' id='line_1_8' title="bbox 123 1104 1169 1193; baseline 0.01 -26"><span class='ocrx_word' id='word_1_48' title='bbox 123 1104 190 1169; x_wconf 87' lang='lat' dir='ltr'>visa</span> <span class='ocrx_word' id='word_1_49' title='bbox 204 1117 262 1171; x_wconf 88' lang='lat' dir='ltr'>tua</span> <span class='ocrx_word' id='word_1_50' title='bbox 279 1117 333 1173; x_wconf 88' lang='lat' dir='ltr'>est</span> <span class='ocrx_word' id='word_1_51' title='bbox 349 1107 458 1175; x_wconf 87' lang='lat' dir='ltr'>oculis</span> <span class='ocrx_word' id='word_1_52' title='bbox 472 1108 543 1175; x_wconf 90' lang='lat' dir='ltr'>illic</span> <span class='ocrx_word' id='word_1_53' title='bbox 558 1107 768 1192; x_wconf 85' lang='lat' dir='ltr'>Proserpina</span> <span class='ocrx_word' id='word_1_54' title='bbox 783 1106 929 1173; x_wconf 72' lang='lat' dir='ltr'>nostrisa</span> <span class='ocrx_word' id='word_1_55' title='bbox 1120 1134 1169 1193; x_wconf 77' lang='lat'>505</span> 
     </span>
     <span class='ocr_line' id='line_1_9' title="bbox 123 1210 1021 1301; baseline 0.007 -28"><span class='ocrx_word' id='word_1_56' title='bbox 123 1210 177 1275; x_wconf 85' lang='lat' dir='ltr'>illa</span> <span class='ocrx_word' id='word_1_57' title='bbox 192 1212 331 1298; x_wconf 90' lang='lat' dir='ltr'>quidem</span> <span class='ocrx_word' id='word_1_58' title='bbox 349 1212 465 1289; x_wconf 89' lang='lat' dir='ltr'>tristis,</span> <span class='ocrx_word' id='word_1_59' title='bbox 483 1235 596 1301; x_wconf 88' lang='lat' dir='ltr'>neque</span> <span class='ocrx_word' id='word_1_60' title='bbox 614 1214 730 1279; x_wconf 87' lang='lat' dir='ltr'>adhuc</span> <span class='ocrx_word' id='word_1_61' title='bbox 744 1212 896 1279; x_wconf 89' lang='lat' dir='ltr'>interrita</span> <span class='ocrx_word' id='word_1_62' title='bbox 911 1211 1021 1290; x_wconf 83' lang='lat' dir='ltr'>vultu,</span> 
     </span>
     <span class='ocr_line' id='line_1_10' title="bbox 123 1316 981 1405; baseline 0.006 -25"><span class='ocrx_word' id='word_1_63' title='bbox 123 1316 179 1381; x_wconf 88' lang='lat' dir='ltr'>sed</span> <span class='ocrx_word' id='word_1_64' title='bbox 194 1319 315 1405; x_wconf 85' lang='lat' dir='ltr'>regina</span> <span class='ocrx_word' id='word_1_65' title='bbox 333 1330 463 1395; x_wconf 88' lang='lat' dir='ltr'>tamen,</span> <span class='ocrx_word' id='word_1_66' title='bbox 482 1320 544 1386; x_wconf 88' lang='lat' dir='ltr'>sed</span> <span class='ocrx_word' id='word_1_67' title='bbox 560 1318 662 1405; x_wconf 85' lang='lat' dir='ltr'>opaci</span> <span class='ocrx_word' id='word_1_68' title='bbox 679 1319 831 1385; x_wconf 86' lang='lat' dir='ltr'>maxima</span> <span class='ocrx_word' id='word_1_69' title='bbox 846 1317 981 1396; x_wconf 87' lang='lat' dir='ltr'>mundi,</span> 
     </span>
     <span class='ocr_line' id='line_1_11' title="bbox 122 1423 1002 1515; baseline 0.005 -28"><span class='ocrx_word' id='word_1_70' title='bbox 122 1423 180 1488; x_wconf 87' lang='lat' dir='ltr'>sed</span> <span class='ocrx_word' id='word_1_71' title='bbox 194 1434 309 1489; x_wconf 88' lang='lat' dir='ltr'>tamen</span> <span class='ocrx_word' id='word_1_72' title='bbox 326 1425 453 1491; x_wconf 79' lang='lat' dir='ltr'>inferni</span> <span class='ocrx_word' id='word_1_73' title='bbox 469 1425 602 1512; x_wconf 88' lang='lat' dir='ltr'>pollens</span> <span class='ocrx_word' id='word_1_74' title='bbox 620 1436 776 1493; x_wconf 87' lang='lat' dir='ltr'>matrona</span> <span class='ocrx_word' id='word_1_75' title='bbox 790 1424 948 1514; x_wconf 65' lang='lat' dir='ltr'>tyranni?</span> <span class='ocrx_word' id='word_1_76' title='bbox 969 1442 1002 1515; x_wconf 63' lang='lat' dir='ltr'>p</span> 
     </span>
    </p>

    <p class='ocr_par' dir='ltr' id='par_1_5' title="bbox 22 1529 1171 3001">
     <span class='ocr_line' id='line_1_12' title="bbox 164 1529 966 1620; baseline 0.004 -25"><span class='ocrx_word' id='word_1_77' title='bbox 164 1529 275 1596; x_wconf 85' lang='lat' dir='ltr'>Mater</span> <span class='ocrx_word' id='word_1_78' title='bbox 291 1532 339 1597; x_wconf 91' lang='lat' dir='ltr'>ad</span> <span class='ocrx_word' id='word_1_79' title='bbox 356 1532 489 1599; x_wconf 89' lang='lat' dir='ltr'>auditas</span> <span class='ocrx_word' id='word_1_80' title='bbox 505 1532 632 1620; x_wconf 85' lang='lat' dir='ltr'><strong>stupuit</strong></span> <span class='ocrx_word' id='word_1_81' title='bbox 646 1554 712 1600; x_wconf 88' lang='lat' dir='ltr'>ceu</span> <span class='ocrx_word' id='word_1_82' title='bbox 726 1552 833 1599; x_wconf 82' lang='lat' dir='ltr'>saxea</span> <span class='ocrx_word' id='word_1_83' title='bbox 848 1551 966 1609; x_wconf 85' lang='lat' dir='ltr'>voces,</span> 
     </span>
     <span class='ocr_line' id='line_1_13' title="bbox 39 1630 1171 1727; baseline 0.006 -26"><span class='ocrx_word' id='word_1_84' title='bbox 39 1706 42 1713; x_wconf 18' lang='grc' dir='ltr'><strong>Δ</strong></span> <span class='ocrx_word' id='word_1_85' title='bbox 122 1630 348 1725; x_wconf 66' lang='lat' dir='ltr'>attonitaeque</span> <span class='ocrx_word' id='word_1_86' title='bbox 364 1638 424 1705; x_wconf 94' lang='lat' dir='ltr'>diu</span> <span class='ocrx_word' id='word_1_87' title='bbox 441 1638 561 1704; x_wconf 88' lang='lat' dir='ltr'>similis</span> <span class='ocrx_word' id='word_1_88' title='bbox 578 1638 651 1705; x_wconf 91' lang='lat' dir='ltr'>suit.</span> <span class='ocrx_word' id='word_1_89' title='bbox 700 1639 816 1727; x_wconf 89' lang='lat' dir='ltr'>thue</span> <span class='ocrx_word' id='word_1_90' title='bbox 831 1638 951 1705; x_wconf 86' lang='lat' dir='ltr'>dolore</span> <span class='ocrx_word' id='word_1_91' title='bbox 1118 1666 1171 1727; x_wconf 77' lang='lat'>5¹0</span> 
     </span>
     <span class='ocr_line' id='line_1_14' title="bbox 121 1743 1004 1833; baseline 0.005 -26"><span class='ocrx_word' id='word_1_92' title='bbox 121 1743 216 1828; x_wconf 89' lang='lat' dir='ltr'>pulsa</span> <span class='ocrx_word' id='word_1_93' title='bbox 231 1744 333 1832; x_wconf 84' lang='lat' dir='ltr'>gravi</span> <span class='ocrx_word' id='word_1_94' title='bbox 351 1744 468 1833; x_wconf 85' lang='lat' dir='ltr'>gravis</span> <span class='ocrx_word' id='word_1_95' title='bbox 484 1754 534 1810; x_wconf 87' lang='lat' dir='ltr'>est</span> <span class='ocrx_word' id='word_1_96' title='bbox 550 1746 711 1823; x_wconf 87' lang='lat' dir='ltr'>amentia,</span> <span class='ocrx_word' id='word_1_97' title='bbox 729 1746 885 1812; x_wconf 90' lang='lat' dir='ltr'>curribus</span> <span class='ocrx_word' id='word_1_98' title='bbox 901 1764 1004 1811; x_wconf 85' lang='lat' dir='ltr'>auras</span> 
     </span>
     <span class='ocr_line' id='line_1_15' title="bbox 121 1850 896 1919; baseline 0.006 -6"><span class='ocrx_word' id='word_1_99' title='bbox 121 1850 187 1914; x_wconf 85' lang='lat' dir='ltr'>exit</span> <span class='ocrx_word' id='word_1_100' title='bbox 202 1850 237 1915; x_wconf 93' lang='lat' dir='ltr'>in</span> <span class='ocrx_word' id='word_1_101' title='bbox 253 1851 449 1917; x_wconf 81' lang='lat' dir='ltr'>aetherias:</span> <span class='ocrx_word' id='word_1_102' title='bbox 474 1850 522 1916; x_wconf 90' lang='lat' dir='ltr'>ibi</span> <span class='ocrx_word' id='word_1_103' title='bbox 538 1863 606 1918; x_wconf 90' lang='lat' dir='ltr'>toto</span> <span class='ocrx_word' id='word_1_104' title='bbox 621 1852 740 1919; x_wconf 90' lang='lat' dir='ltr'>nubila</span> <span class='ocrx_word' id='word_1_105' title='bbox 756 1853 852 1918; x_wconf 86' lang='lat' dir='ltr'>vult&#39;u</span> <span class='ocrx_word' id='word_1_106' title='bbox 893 1890 896 1895; x_wconf 96' lang='lat'>-</span> 
     </span>
     <span class='ocr_line' id='line_1_16' title="bbox 122 1952 922 2043; baseline 0.005 -28"><span class='ocrx_word' id='word_1_107' title='bbox 122 1963 196 2017; x_wconf 89' lang='lat' dir='ltr'>ante</span> <span class='ocrx_word' id='word_1_108' title='bbox 207 1952 332 2039; x_wconf 89' lang='lat' dir='ltr'>Jovern</span> <span class='ocrx_word' id='word_1_109' title='bbox 351 1952 462 2043; x_wconf 88' lang='lat' dir='ltr'>passis</span> <span class='ocrx_word' id='word_1_110' title='bbox 478 1954 568 2021; x_wconf 87' lang='lat' dir='ltr'>stetit</span> <span class='ocrx_word' id='word_1_111' title='bbox 583 1954 753 2021; x_wconf 88' lang='lat' dir='ltr'>invidiosa</span> <span class='ocrx_word' id='word_1_112' title='bbox 767 1954 922 2042; x_wconf 76' lang='lat' dir='ltr'>capillis:</span> 
     </span>
     <span class='ocr_line' id='line_1_17' title="bbox 123 2057 1053 2149; baseline 0.004 -27"><span class='ocrx_word' id='word_1_113' title='bbox 123 2057 275 2146; x_wconf 86' lang='lat' dir='ltr'>‘Proque</span> <span class='ocrx_word' id='word_1_114' title='bbox 293 2080 376 2125; x_wconf 89' lang='lat' dir='ltr'>meo</span> <span class='ocrx_word' id='word_1_115' title='bbox 391 2059 470 2125; x_wconf 88' lang='lat' dir='ltr'>veni</span> <span class='ocrx_word' id='word_1_116' title='bbox 485 2061 632 2146; x_wconf 82' lang='lat' dir='ltr'>supplex</span> <span class='ocrx_word' id='word_1_117' title='bbox 646 2060 720 2138; x_wconf 91' lang='lat' dir='ltr'>tibi,</span> <span class='ocrx_word' id='word_1_118' title='bbox 733 2060 916 2149; x_wconf 89' lang='lat' dir='ltr'>Juppiter,&#39;</span> <span class='ocrx_word' id='word_1_119' title='bbox 931 2060 1053 2148; x_wconf 91' lang='lat' dir='ltr'>inquit,</span> 
     </span>
     <span class='ocr_line' id='line_1_18' title="bbox 123 2164 1170 2256; baseline 0.006 -27"><span class='ocrx_word' id='word_1_120' title='bbox 123 2166 327 2255; x_wconf 48' lang='lat' dir='ltr'>{sanguine</span> <span class='ocrx_word' id='word_1_121' title='bbox 342 2187 473 2253; x_wconf 88' lang='lat' dir='ltr'>proque</span> <span class='ocrx_word' id='word_1_122' title='bbox 487 2177 559 2232; x_wconf 91' lang='lat' dir='ltr'>tuo.</span> <span class='ocrx_word' id='word_1_123' title='bbox 607 2166 647 2233; x_wconf 89' lang='lat' dir='ltr'>Si</span> <span class='ocrx_word' id='word_1_124' title='bbox 663 2168 759 2233; x_wconf 90' lang='lat' dir='ltr'>nulla</span> <span class='ocrx_word' id='word_1_125' title='bbox 774 2166 951 2256; x_wconf 86' lang='lat' dir='ltr'>est-gratia</span> <span class='ocrx_word' id='word_1_126' title='bbox 967 2164 1099 2242; x_wconf 84' lang='lat' dir='ltr'>matris,</span> <span class='ocrx_word' id='word_1_127' title='bbox 1120 2192 1170 2252; x_wconf 77' lang='lat'>⁵15</span> 
     </span>
     <span class='ocr_line' id='line_1_19' title="bbox 121 2274 1071 2358; baseline 0.002 -23"><span class='ocrx_word' id='word_1_128' title='bbox 121 2282 197 2336; x_wconf 88' lang='lat' dir='ltr'>nata</span> <span class='ocrx_word' id='word_1_129' title='bbox 212 2284 349 2358; x_wconf 89' lang='lat' dir='ltr'>patrem</span> <span class='ocrx_word' id='word_1_130' title='bbox 366 2284 501 2338; x_wconf 88' lang='lat' dir='ltr'>moveat</span> <span class='ocrx_word' id='word_1_131' title='bbox 510 2295 520 2347; x_wconf 78' lang='lat'><em>3</em></span> <span class='ocrx_word' id='word_1_132' title='bbox 544 2294 613 2339; x_wconf 87' lang='lat' dir='ltr'>neu</span> <span class='ocrx_word' id='word_1_133' title='bbox 629 2274 671 2341; x_wconf 87' lang='lat' dir='ltr'>sit</span> <span class='ocrx_word' id='word_1_134' title='bbox 684 2274 746 2340; x_wconf 92' lang='lat' dir='ltr'>tibi</span> <span class='ocrx_word' id='word_1_135' title='bbox 761 2294 859 2350; x_wconf 90' lang='lat' dir='ltr'>cura,</span> <span class='ocrx_word' id='word_1_136' title='bbox 876 2290 1071 2358; x_wconf 83' lang='lat' dir='ltr'>precamur,</span> 
     </span>
     <span class='ocr_line' id='line_1_20' title="bbox 121 2362 893 2466; baseline 0.003 -25"><span class='ocrx_word' id='word_1_137' title='bbox 121 2378 216 2444; x_wconf 90' lang='lat' dir='ltr'>vilior</span> <span class='ocrx_word' id='word_1_138' title='bbox 230 2362 340 2455; x_wconf 86' lang='lat' dir='ltr'>iliius,</span> <span class='ocrx_word' id='word_1_139' title='bbox 358 2379 449 2465; x_wconf 91' lang='lat' dir='ltr'>quod</span> <span class='ocrx_word' id='word_1_140' title='bbox 466 2391 582 2447; x_wconf 89' lang='lat' dir='ltr'>nostro</span> <span class='ocrx_word' id='word_1_141' title='bbox 597 2390 649 2447; x_wconf 88' lang='lat' dir='ltr'>est</span> <span class='ocrx_word' id='word_1_142' title='bbox 664 2380 756 2447; x_wconf 89' lang='lat' dir='ltr'>edita</span> <span class='ocrx_word' id='word_1_143' title='bbox 771 2390 893 2466; x_wconf 75' lang='lat' dir='ltr'>partu..</span> 
     </span>
     <span class='ocr_line' id='line_1_21' title="bbox 122 2485 1006 2573; baseline 0 -26"><span class='ocrx_word' id='word_1_144' title='bbox 122 2504 163 2547; x_wconf 88' lang='lat' dir='ltr'>en</span> <span class='ocrx_word' id='word_1_145' title='bbox 179 2486 336 2571; x_wconf 87' lang='lat' dir='ltr'>quaesita</span> <span class='ocrx_word' id='word_1_146' title='bbox 352 2485 411 2551; x_wconf 93' lang='lat' dir='ltr'>diu</span> <span class='ocrx_word' id='word_1_147' title='bbox 427 2486 565 2553; x_wconf 90' lang='lat' dir='ltr'>tandem</span> <span class='ocrx_word' id='word_1_148' title='bbox 583 2486 667 2553; x_wconf 89' lang='lat' dir='ltr'>mihi</span> <span class='ocrx_word' id='word_1_149' title='bbox 684 2497 765 2553; x_wconf 84' lang='lat' dir='ltr'>nata</span> <span class='ocrx_word' id='word_1_150' title='bbox 782 2498 918 2573; x_wconf 89' lang='lat' dir='ltr'>reperta</span> <span class='ocrx_word' id='word_1_151' title='bbox 934 2494 1006 2551; x_wconf 82' lang='lat' dir='ltr'>est:</span> 
     </span>
     <span class='ocr_line' id='line_1_22' title="bbox 122 2589 881 2677; baseline 0.001 -23"><span class='ocrx_word' id='word_1_152' title='bbox 122 2589 149 2654; x_wconf 89' lang='lat' dir='ltr'>si</span> <span class='ocrx_word' id='word_1_153' title='bbox 165 2592 316 2677; x_wconf 89' lang='lat' dir='ltr'>reperire</span> <span class='ocrx_word' id='word_1_154' title='bbox 333 2612 437 2657; x_wconf 87' lang='lat' dir='ltr'>vocas</span> <span class='ocrx_word' id='word_1_155' title='bbox 454 2592 606 2659; x_wconf 85' lang='lat' dir='ltr'>amittere</span> <span class='ocrx_word' id='word_1_156' title='bbox 623 2593 761 2669; x_wconf 89' lang='lat' dir='ltr'>certius,</span> <span class='ocrx_word' id='word_1_157' title='bbox 780 2605 838 2657; x_wconf 89' lang='lat' dir='ltr'>aut</span> <span class='ocrx_word' id='word_1_158' title='bbox 853 2591 881 2656; x_wconf 91' lang='lat' dir='ltr'>si</span> 
     </span>
     <span class='ocr_line' id='line_1_23' title="bbox 121 2694 1133 2785; baseline 0.001 -25"><span class='ocrx_word' id='word_1_159' title='bbox 121 2696 220 2773; x_wconf 82' lang='lat' dir='ltr'>scire,</span> <span class='ocrx_word' id='word_1_160' title='bbox 237 2698 297 2764; x_wconf 91' lang='lat' dir='ltr'>ubi</span> <span class='ocrx_word' id='word_1_161' title='bbox 314 2698 370 2773; x_wconf 89' lang='lat' dir='ltr'>sit,</span> <span class='ocrx_word' id='word_1_162' title='bbox 389 2700 537 2785; x_wconf 81' lang='lat' dir='ltr'>reperire</span> <span class='ocrx_word' id='word_1_163' title='bbox 553 2720 670 2766; x_wconf 86' lang='lat' dir='ltr'>vocas.</span> <span class='ocrx_word' id='word_1_164' title='bbox 721 2696 826 2781; x_wconf 70' lang='lat' dir='ltr'>Quod</span> <span class='ocrx_word' id='word_1_165' title='bbox 843 2706 954 2781; x_wconf 85' lang='lat' dir='ltr'>rapta,</span> <span class='ocrx_word' id='word_1_166' title='bbox 972 2694 1133 2771; x_wconf 87' lang='lat' dir='ltr'>feremus,</span> 
     </span>
     <span class='ocr_line' id='line_1_24' title="bbox 121 2801 1135 2893; baseline -0.001 -25"><span class='ocrx_word' id='word_1_167' title='bbox 121 2804 308 2872; x_wconf 89' lang='lat' dir='ltr'>dummodo</span> <span class='ocrx_word' id='word_1_168' title='bbox 324 2805 445 2871; x_wconf 90' lang='lat' dir='ltr'>reddat</span> <span class='ocrx_word' id='word_1_169' title='bbox 461 2826 560 2872; x_wconf 87' lang='lat' dir='ltr'>eam:</span> <span class='ocrx_word' id='word_1_170' title='bbox 585 2826 698 2893; x_wconf 88' lang='lat' dir='ltr'>neque</span> <span class='ocrx_word' id='word_1_171' title='bbox 715 2805 806 2869; x_wconf 85' lang='lat' dir='ltr'>enirn</span> <span class='ocrx_word' id='word_1_172' title='bbox 822 2804 997 2889; x_wconf 83' lang='lat' dir='ltr'>praedone</span> <span class='ocrx_word' id='word_1_173' title='bbox 1014 2801 1135 2868; x_wconf 90' lang='lat' dir='ltr'>marito</span> 
     </span>
     <span class='ocr_line' id='line_1_25' title="bbox 22 2909 989 3001; baseline 0.004 -32"><span class='ocrx_word' id='word_1_174' title='bbox 22 2966 23 2969; x_wconf 74' lang='grc'>,</span> <span class='ocrx_word' id='word_1_175' title='bbox 120 2910 189 2976; x_wconf 81' lang='lat' dir='ltr'>fitia</span> <span class='ocrx_word' id='word_1_176' title='bbox 205 2912 315 3001; x_wconf 88' lang='lat' dir='ltr'>digna</span> <span class='ocrx_word' id='word_1_177' title='bbox 330 2922 390 2979; x_wconf 88' lang='lat' dir='ltr'>tua</span> <span class='ocrx_word' id='word_1_178' title='bbox 406 2912 549 2979; x_wconf 88' lang='lat' dir='ltr'>est-si</span> <span class='ocrx_word' id='word_1_179' title='bbox 563 2912 635 3001; x_wconf 91' lang='lat' dir='ltr'>jam</span> <span class='ocrx_word' id='word_1_180' title='bbox 652 2932 730 2977; x_wconf 91' lang='lat' dir='ltr'>mea</span> <span class='ocrx_word' id='word_1_181' title='bbox 746 2909 817 2975; x_wconf 88' lang='lat' dir='ltr'>filia</span> <span class='ocrx_word' id='word_1_182' title='bbox 832 2931 901 2975; x_wconf 90' lang='lat' dir='ltr'>non</span> <span class='ocrx_word' id='word_1_183' title='bbox 918 2909 989 2975; x_wconf 85' lang='lat' dir='ltr'>est&#39;</span> 
     </span>
    </p>

    <p class='ocr_par' dir='ltr' id='par_1_6' title="bbox 103 3016 1182 4054">
     <span class='ocr_line' id='line_1_26' title="bbox 158 3016 1091 3106; baseline -0.001 -24"><span class='ocrx_word' id='word_1_184' title='bbox 158 3017 320 3105; x_wconf 89' lang='lat' dir='ltr'>Juppiter</span> <span class='ocrx_word' id='word_1_185' title='bbox 335 3018 481 3106; x_wconf 88' lang='lat' dir='ltr'>excepit,</span> <span class='ocrx_word' id='word_1_186' title='bbox 497 3018 708 3085; x_wconf 88' lang='lat' dir='ltr'>‘Commune</span> <span class='ocrx_word' id='word_1_187' title='bbox 725 3030 776 3085; x_wconf 89' lang='lat' dir='ltr'>est</span> <span class='ocrx_word' id='word_1_188' title='bbox 792 3016 919 3104; x_wconf 87' lang='lat' dir='ltr'>pignus</span> <span class='ocrx_word' id='word_1_189' title='bbox 935 3034 1091 3101; x_wconf 90' lang='lat' dir='ltr'>onusque</span> 
     </span>
     <span class='ocr_line' id='line_1_27' title="bbox 117 3123 978 3201; baseline -0.002 -13"><span class='ocrx_word' id='word_1_190' title='bbox 117 3136 198 3189; x_wconf 87' lang='lat' dir='ltr'>nata</span> <span class='ocrx_word' id='word_1_191' title='bbox 216 3126 302 3191; x_wconf 89' lang='lat' dir='ltr'>mihi</span> <span class='ocrx_word' id='word_1_192' title='bbox 318 3136 452 3201; x_wconf 87' lang='lat' dir='ltr'>tecum;</span> <span class='ocrx_word' id='word_1_193' title='bbox 477 3126 539 3193; x_wconf 88' lang='lat' dir='ltr'>sed</span> <span class='ocrx_word' id='word_1_194' title='bbox 554 3124 583 3193; x_wconf 86' lang='lat' dir='ltr'>si</span> <span class='ocrx_word' id='word_1_195' title='bbox 601 3125 703 3197; x_wconf 88' lang='lat' dir='ltr'>modo</span> <span class='ocrx_word' id='word_1_196' title='bbox 718 3123 860 3190; x_wconf 89' lang='lat' dir='ltr'>nomina</span> <span class='ocrx_word' id='word_1_197' title='bbox 876 3123 978 3187; x_wconf 89' lang='lat' dir='ltr'>rebus</span> 
     </span>
     <span class='ocr_line' id='line_1_28' title="bbox 103 3229 1170 3320; baseline -0.006 -19"><span class='ocrx_word' id='word_1_198' title='bbox 103 3232 246 3301; x_wconf 85' lang='lat' dir='ltr'>addere</span> <span class='ocrx_word' id='word_1_199' title='bbox 262 3254 347 3297; x_wconf 89' lang='lat' dir='ltr'>vera</span> <span class='ocrx_word' id='word_1_200' title='bbox 363 3233 489 3318; x_wconf 85' lang='lat' dir='ltr'>placet,</span> <span class='ocrx_word' id='word_1_201' title='bbox 507 3254 577 3299; x_wconf 90' lang='lat' dir='ltr'>non</span> <span class='ocrx_word' id='word_1_202' title='bbox 594 3234 661 3301; x_wconf 89' lang='lat' dir='ltr'>hoc</span> <span class='ocrx_word' id='word_1_203' title='bbox 677 3230 801 3320; x_wconf 90' lang='lat' dir='ltr'>injuria</span> <span class='ocrx_word' id='word_1_204' title='bbox 819 3229 959 3303; x_wconf 85' lang='lat' dir='ltr'>sactum,</span> <span class='ocrx_word' id='word_1_205' title='bbox 1120 3255 1170 3313; x_wconf 81' lang='lat'>525</span> 
     </span>
     <span class='ocr_line' id='line_1_29' title="bbox 118 3332 1149 3426; baseline -0.006 -25"><span class='ocrx_word' id='word_1_206' title='bbox 118 3358 238 3403; x_wconf 90' lang='lat' dir='ltr'>verum</span> <span class='ocrx_word' id='word_1_207' title='bbox 256 3360 356 3404; x_wconf 89' lang='lat' dir='ltr'>amor</span> <span class='ocrx_word' id='word_1_208' title='bbox 372 3349 434 3404; x_wconf 81' lang='lat' dir='ltr'>est.</span> <span class='ocrx_word' id='word_1_209' title='bbox 482 3338 606 3426; x_wconf 90' lang='lat' dir='ltr'>Neque</span> <span class='ocrx_word' id='word_1_210' title='bbox 622 3339 686 3405; x_wconf 91' lang='lat' dir='ltr'>erit</span> <span class='ocrx_word' id='word_1_211' title='bbox 702 3337 800 3403; x_wconf 89' lang='lat' dir='ltr'>nobis</span> <span class='ocrx_word' id='word_1_212' title='bbox 817 3355 925 3422; x_wconf 86' lang='lat' dir='ltr'>gener</span> <span class='ocrx_word' id='word_1_213' title='bbox 941 3334 998 3399; x_wconf 88' lang='lat' dir='ltr'>ille</span> <span class='ocrx_word' id='word_1_214' title='bbox 1014 3332 1149 3418; x_wconf 91' lang='lat' dir='ltr'>pudori,</span> 
     </span>
     <span class='ocr_line' id='line_1_30' title="bbox 118 3444 1135 3527; baseline -0.005 -21"><span class='ocrx_word' id='word_1_215' title='bbox 118 3453 154 3507; x_wconf 93' lang='lat' dir='ltr'>tu</span> <span class='ocrx_word' id='word_1_216' title='bbox 170 3445 288 3521; x_wconf 90' lang='lat' dir='ltr'>mod0,</span> <span class='ocrx_word' id='word_1_217' title='bbox 306 3445 399 3522; x_wconf 90' lang='lat' dir='ltr'>diva,</span> <span class='ocrx_word' id='word_1_218' title='bbox 417 3445 516 3510; x_wconf 89' lang='lat' dir='ltr'>velis.</span> <span class='ocrx_word' id='word_1_219' title='bbox 565 3444 613 3510; x_wconf 93' lang='lat' dir='ltr'>Ut</span> <span class='ocrx_word' id='word_1_220' title='bbox 628 3444 740 3509; x_wconf 87' lang='lat' dir='ltr'>desint</span> <span class='ocrx_word' id='word_1_221' title='bbox 756 3450 884 3516; x_wconf 84' lang='lat' dir='ltr'>cetera,</span> <span class='ocrx_word' id='word_1_222' title='bbox 901 3452 1066 3527; x_wconf 88' lang='lat' dir='ltr'>quantum</span> <span class='ocrx_word' id='word_1_223' title='bbox 1084 3450 1135 3503; x_wconf 90' lang='lat' dir='ltr'>est</span> 
     </span>
     <span class='ocr_line' id='line_1_31' title="bbox 119 3546 1080 3637; baseline -0.006 -25"><span class='ocrx_word' id='word_1_224' title='bbox 119 3566 192 3616; x_wconf 88' lang='lat' dir='ltr'>esse</span> <span class='ocrx_word' id='word_1_225' title='bbox 205 3549 305 3637; x_wconf 88' lang='lat' dir='ltr'>Jovis</span> <span class='ocrx_word' id='word_1_226' title='bbox 321 3550 461 3616; x_wconf 84' lang='lat' dir='ltr'>fratrem</span> <span class='ocrx_word' id='word_1_227' title='bbox 475 3549 483 3614; x_wconf 89' lang='lat'>1</span> <span class='ocrx_word' id='word_1_228' title='bbox 510 3548 606 3635; x_wconf 75' lang='lat' dir='ltr'>Qid</span> <span class='ocrx_word' id='word_1_229' title='bbox 621 3550 714 3636; x_wconf 92' lang='lat' dir='ltr'>quod</span> <span class='ocrx_word' id='word_1_230' title='bbox 731 3570 796 3616; x_wconf 91' lang='lat' dir='ltr'>nec</span> <span class='ocrx_word' id='word_1_231' title='bbox 813 3559 927 3613; x_wconf 88' lang='lat' dir='ltr'>cetera</span> <span class='ocrx_word' id='word_1_232' title='bbox 943 3546 1080 3619; x_wconf 87' lang='lat' dir='ltr'>desunt,</span> 
     </span>
     <span class='ocr_line' id='line_1_32' title="bbox 119 3652 964 3737; baseline -0.004 -19"><span class='ocrx_word' id='word_1_233' title='bbox 119 3676 182 3721; x_wconf 91' lang='lat' dir='ltr'>nec</span> <span class='ocrx_word' id='word_1_234' title='bbox 199 3657 291 3723; x_wconf 88' lang='lat' dir='ltr'>cedit</span> <span class='ocrx_word' id='word_1_235' title='bbox 307 3656 373 3721; x_wconf 90' lang='lat' dir='ltr'>nisi</span> <span class='ocrx_word' id='word_1_236' title='bbox 390 3668 479 3722; x_wconf 89' lang='lat' dir='ltr'>sorte</span> <span class='ocrx_word' id='word_1_237' title='bbox 495 3656 592 3721; x_wconf 82' lang='lat' dir='ltr'>mihi.</span> <span class='ocrx_word' id='word_1_238' title='bbox 640 3655 711 3721; x_wconf 87' lang='lat' dir='ltr'>Sed</span> <span class='ocrx_word' id='word_1_239' title='bbox 728 3666 821 3720; x_wconf 85' lang='lat' dir='ltr'>tanta</span> <span class='ocrx_word' id='word_1_240' title='bbox 837 3652 964 3737; x_wconf 91' lang='lat' dir='ltr'>cupido</span> 
     </span>
     <span class='ocr_line' id='line_1_33' title="bbox 119 3758 1172 3848; baseline -0.003 -23"><span class='ocrx_word' id='word_1_241' title='bbox 119 3760 146 3825; x_wconf 92' lang='lat' dir='ltr'>si</span> <span class='ocrx_word' id='word_1_242' title='bbox 162 3763 223 3829; x_wconf 89' lang='lat' dir='ltr'>tibi</span> <span class='ocrx_word' id='word_1_243' title='bbox 240 3762 377 3829; x_wconf 87' lang='lat' dir='ltr'>discidii</span> <span class='ocrx_word' id='word_1_244' title='bbox 395 3773 456 3837; x_wconf 90' lang='lat' dir='ltr'>est,</span> <span class='ocrx_word' id='word_1_245' title='bbox 474 3772 603 3848; x_wconf 91' lang='lat' dir='ltr'>repetet</span> <span class='ocrx_word' id='word_1_246' title='bbox 619 3759 825 3844; x_wconf 89' lang='lat' dir='ltr'>Proserpina</span> <span class='ocrx_word' id='word_1_247' title='bbox 842 3758 991 3830; x_wconf 89' lang='lat' dir='ltr'>caelum,</span> <span class='ocrx_word' id='word_1_248' title='bbox 1121 3784 1172 3839; x_wconf 77' lang='lat'>530</span> 
     </span>
     <span class='ocr_line' id='line_1_34' title="bbox 119 3862 878 3955; baseline -0.007 -23"><span class='ocrx_word' id='word_1_249' title='bbox 119 3866 200 3955; x_wconf 87' lang='lat' dir='ltr'>lege</span> <span class='ocrx_word' id='word_1_250' title='bbox 214 3879 333 3934; x_wconf 89' lang='lat' dir='ltr'>tamen</span> <span class='ocrx_word' id='word_1_251' title='bbox 351 3879 456 3944; x_wconf 89' lang='lat' dir='ltr'>certa,</span> <span class='ocrx_word' id='word_1_252' title='bbox 475 3868 502 3934; x_wconf 91' lang='lat' dir='ltr'>si</span> <span class='ocrx_word' id='word_1_253' title='bbox 519 3868 632 3932; x_wconf 88' lang='lat' dir='ltr'>nullos</span> <span class='ocrx_word' id='word_1_254' title='bbox 649 3864 792 3950; x_wconf 84' lang='lat' dir='ltr'>contigit</span> <span class='ocrx_word' id='word_1_255' title='bbox 807 3862 878 3927; x_wconf 90' lang='lat' dir='ltr'>illic</span> 
     </span>
     <span class='ocr_line' id='line_1_35' title="bbox 119 3963 1182 4054; baseline -0.014 -16"><span class='ocrx_word' id='word_1_256' title='bbox 119 3994 178 4039; x_wconf 90' lang='lat' dir='ltr'>ore</span> <span class='ocrx_word' id='word_1_257' title='bbox 195 3974 312 4041; x_wconf 85' lang='lat' dir='ltr'>cibos:</span> <span class='ocrx_word' id='word_1_258' title='bbox 340 3993 419 4037; x_wconf 89' lang='lat' dir='ltr'>nam</span> <span class='ocrx_word' id='word_1_259' title='bbox 436 3975 485 4039; x_wconf 91' lang='lat' dir='ltr'>sic</span> <span class='ocrx_word' id='word_1_260' title='bbox 500 3972 690 4054; x_wconf 86' lang='lat' dir='ltr'>Parcarum</span> <span class='ocrx_word' id='word_1_261' title='bbox 707 3967 845 4033; x_wconf 87' lang='lat' dir='ltr'>foedere</span> <span class='ocrx_word' id='word_1_262' title='bbox 862 3974 999 4029; x_wconf 85' lang='lat' dir='ltr'>cautum</span> <span class='ocrx_word' id='word_1_263' title='bbox 1016 3963 1090 4025; x_wconf 88' lang='lat' dir='ltr'>est.’</span> <span class='ocrx_word' id='word_1_264' title='bbox 1178 4034 1182 4040; x_wconf 21' lang='grc' dir='ltr'>ι</span> 
     </span>
    </p>
   </div>
   <div class='ocr_carea' id='block_1_5' title="bbox 0 0 1388 4467">
    <p class='ocr_par' dir='ltr' id='par_1_7' title="bbox 0 0 1388 4467">
     <span class='ocr_line' id='line_1_36' title="bbox 0 0 1388 4467; baseline 0 3"><span class='ocrx_word' id='word_1_265' title='bbox 0 0 1388 4467; x_wconf 95' lang='lat' dir='ltr'> </span> 
     </span>
    </p>
   </div>
  </div>
 </body>
</html>
