2767 4467
165 316 188 371 1.
208 330 234 383 r,
249 313 323 388 uo]
505 297 677 386 Penelope
699 306 734 364 to
765 295 914 385 Ulysses.
1162 296 1224 386 165

167 493 282 582 Atque
298 493 385 560 alios
401 495 565 572 reseram,
583 517 669 583 quos
685 515 806 561 omnes
821 494 963 581 turpiter
979 494 1105 564 absens

209 599 290 688 Ipse
305 614 364 666 tuo
380 601 489 687 partis
506 601 675 690 sanguine
691 602 795 667 rebus
811 599 897 666 alis?

169 707 243 773 irus
258 729 367 796 egens
384 707 588 795 pecorisque
603 706 819 773 Melanthius
836 720 931 775 actor
945 708 1072 777 edendi
1189 741 1223 800 95

211 814 364 880 Ultimus
380 816 550 879 accedunt
566 813 675 879 intua
692 814 821 880 damna
837 816 962 901 pudor.

167 920 256 985 Tres
271 943 390 986 sumus
405 919 551 986 inbelles
566 942 723 997 numero,
741 921 817 986 sine
832 921 962 988 viribus
980 944 1082 1000 uxor,

212 1026 424 1115 Laertesque
440 1049 562 1103 senex,
580 1027 999 1115 Telemachusque'puer.

168 1133 230 1199 Ille
246 1156 309 1220 per
323 1134 466 1200 insidias
482 1154 594 1220 paene
609 1144 663 1200 est
678 1134 761 1198 mihi
779 1156 891 1221 nuper
907 1136 1101 1222 ademptus,

212 1239 306 1306 Dum
323 1253 421 1327 parat
436 1240 552 1306 invitis
567 1241 727 1307 omnibus
744 1241 793 1309 ire
810 1241 936 1330 Pylon.
1173 1275 1222 1314 100

168 1346 227 1422 Di,
246 1369 379 1434 precor,
399 1350 465 1414 hoc
475 1348 634 1436 jubeant,
651 1359 688 1414 ut
704 1349 864 1416 euntibus
879 1349 1000 1417 ordine
1016 1348 1094 1416 satis

212 1454 276 1520 Ille
293 1477 388 1520 meos
404 1457 523 1520 oculos
540 1455 757 1541 comprimat,
777 1456 835 1522 ille
850 1468 940 1522 tuos.

167 1560 262 1627 Hinc
277 1562 406 1628 faciunt
420 1573 605 1649 custosque
621 1563 726 1629 boum
744 1564 984 1652 longaevaque
1000 1562 1129 1641 nutrix,

211 1668 350 1734 Tertius
365 1668 565 1735 immundae
579 1690 665 1735 cura
681 1669 793 1736 fidelis
810 1671 929 1736 harae.

168 1772 239 1840 Sed
254 1796 366 1861 neque
382 1774 542 1852 Laertes,
558 1775 671 1863 utqui
686 1775 730 1842 sit
745 1775 874 1842 inutilis
890 1775 1009 1854 armis,
1172 1806 1220 1862 ως

213 1880 378 1947 Hostibus
394 1881 430 1946 in
448 1868 697 1971 mediis'regna
712 1893 830 1948 tenere
846 1893 967 1969 potest.

167 1986 380 2054 Telemacho
395 1988 523 2064 veniet,
539 1988 633 2054 vivat
650 1989 766 2065 modo,
787 1989 905 2055 sortior
919 1999 1035 2056 actast

209 2093 317 2160 Nunc
329 2105 405 2161 erat
418 2095 558 2161 auxiliis
572 2096 634 2160 illa
648 2097 777 2161 tuenda
793 2094 913 2182 patris.

166 2201 246 2268 Nec
259 2202 345 2267 mihi
361 2213 441 2268 suut
455 2202 546 2268 vires
562 2202 720 2268 inimicos
738 2203 867 2288 pellere
884 2202 1001 2269 tectis:

210 2308 268 2373 Tu
284 2309 382 2375 citius
397 2308 532 2385 venias,
549 2321 668 2395 portus
684 2319 718 2374 et
732 2329 817 2374 aura
833 2309 912 2376 tuis.
1170 2343 1220 2382 ιω

166 2413 230 2481 Est
244 2415 316 2491 tibi,
335 2416 460 2502 sitque,
477 2436 612 2501 precor,
631 2425 772 2502 gnatus,
789 2415 849 2502 qui
865 2417 1025 2483 mollibus
1042 2415 1141 2483 annis

212 2521 254 2586 ln
269 2521 397 2608 patrias
413 2532 505 2588 artes
519 2521 730 2588 erudiendus
748 2533 833 2587 erat.

166 2627 320 2715 Respice
335 2628 500 2704 Laerten,
516 2640 554 2693 ut
565 2628 639 2717 jam
655 2648 720 2693 sua
736 2627 867 2694 lumina
884 2629 1028 2706 condas,

212 2734 414 2801 Extremum
430 2735 491 2800 sati
506 2735 651 2800 sustinet
665 2733 724 2800 ille
740 2734 848 2800 diem.

165 2841 270 2909 Certe
284 2863 366 2930 ego,
383 2863 473 2930 quae
489 2841 623 2907 sueram
638 2852 672 2905 te
687 2839 888 2908 discedente
905 2842 1035 2928 puella,
1170 2873 1218 2930 115

211 2947 370 3015 Protinus
386 2957 425 3016 ut
437 2947 569 3026 venias,
586 2947 679 3013 sacto
693 2946 836 3016 videbor
851 2968 951 3016 anus.
