2767 4467
140 322 206 398 174
514 305 664 372 Skorter
686 306 821 372 Poems.
1041 318 1200 391 [Tarsrra

137 505 253 592 thue
269 503 466 579 resurrexit,
484 503 629 569 foedatis
646 504 789 590 pulvere
806 499 895 588 turpi

182 609 357 686 Crinibus,
376 622 409 674 et
424 610 541 698 gelida
558 609 713 673 membra
730 608 856 673 levavit
873 607 993 683 humo,

137 716 185 782 Se
203 717 316 791 modo,
335 716 487 781 desertos
505 715 607 780 modo
623 715 857 800 complorasse
874 711 1039 791 Penates,
1157 745 1200 804 95

182 821 321 888 Nomen
337 833 370 887 et
385 821 492 905 erepti
509 841 613 906 saepe
629 840 773 886 vocasse
790 819 874 893 viri3
1070 887 1077 896 ,

137 927 215 993 Nec
231 928 405 1016 gemuisse
422 927 547 1003 minus,
565 947 670 1013 quam
687 925 716 991 si
735 937 881 990 nataeve
897 947 1057 994 meumve

181 1033 334 1098 Vidisset
349 1045 493 1099 structos
510 1054 635 1118 corpus
654 1033 782 1097 habere
800 1054 918 1122 rogos,

136 1139 182 1205 Et
197 1139 344 1205 voluisse
362 1138 460 1214 mori,
478 1138 656 1203 moriendo
673 1159 801 1223 ponere
819 1161 941 1206 sensus
955 1177 1001 1190 -

182 1246 425 1332 Respectuque
442 1254 558 1310 tamen
573 1265 644 1310 non
659 1244 812 1311 voluisse
829 1246 910 1312 mei.
1143 1279 1198 1320 roo

136 1352 241 1420 Vivat
253 1351 261 1416 l
286 1362 320 1417 et
336 1352 512 1417 absentem
525 1350 747 1438 -quoniam
764 1351 814 1418 sic
829 1353 901 1420 sata
915 1353 1067 1420 tulerunt
1079 1390 1126 1403 -

181 1458 286 1526 Vivat
300 1469 338 1524 ut
352 1456 482 1524 auxilio
498 1457 654 1524 sublevet
669 1479 781 1546 usque
797 1479 875 1525 suo.

272 1801 305 1848 2.
338 1780 410 1849 The
430 1781 568 1849 Exile’s
592 1779 676 1849 Sick
705 1781 877 1850 Chamber
903 1780 969 1872 (iii.
988 1781 1046 1870 3).

222 1994 321 2062 AEC
337 2018 428 2073 mea,
446 1996 474 2061 si
491 2017 575 2062 casu
593 1995 740 2074 miraris,
759 1994 903 2082 epistola
919 2015 1026 2082 quare

265 2101 418 2168 Alterius
435 2101 551 2190 digitis
567 2103 695 2188 scripta
712 2103 767 2178 sit,
786 2123 893 2190 aeger
908 2122 1016 2168 eram.

136 2206 256 2297 Aeger
271 2209 306 2274 in
324 2209 485 2275 extremis
502 2209 611 2298 ignoti
629 2209 783 2295 partibus
800 2209 907 2285 orbiS,

182 2316 405 2403 Incertasque
421 2337 520 2382 meae
537 2338 649 2402 paene
667 2316 787 2382 salutis
803 2337 912 2381 eram.

138 2420 234 2507 Quid
250 2422 335 2488 mihi
351 2443 444 2489 nunc
461 2422 567 2488 animi
584 2423 658 2488 dira
674 2422 819 2510 regione
832 2421 961 2511 jacenti
1181 2454 1199 2508 ς

182 2529 276 2594 Inter
291 2529 515 2596 Sauromatas
532 2550 608 2594 esse
626 2527 802 2616 Getasque
822 2527 943 2615 putes?

136 2635 216 2702 Nec
230 2637 365 2702 caelum
383 2636 507 2722 patior,
525 2656 590 2702 nec
606 2635 705 2722 aquis
723 2635 946 2701 adsuevimus
962 2633 1047 2712 istis,

181 2743 360 2832 Terraque
376 2742 577 2829 nescioquo
594 2762 664 2806 non
680 2743 795 2827 placet
810 2741 886 2828 ipsa
904 2741 1018 2807 modo.

137 2847 219 2913 Non
235 2849 358 2914 domus
375 2859 455 2935 apta
470 2849 566 2926 satis,
585 2870 655 2915 non
672 2849 731 2916 hic
746 2849 843 2916 cibus
860 2847 952 2914 utilis
968 2867 1097 2935 aegro;

182 2953 322 3031 Nullus,
340 2954 526 3041 Apollinea
543 2956 601 3043 qui
618 2956 710 3021 levet
725 2968 798 3022 arte
814 2955 967 3031 malum;
1165 2987 1198 3025 10

137 3061 218 3128 Non
235 3062 294 3149 qui
309 3063 449 3139 soletur,
468 3085 537 3127 non
553 3062 612 3151 qui
628 3062 781 3129 labentia
799 3062 895 3128 tarde

181 3169 359 3256 Tempora
373 3170 546 3235 narrando
563 3170 671 3248 sallat,
690 3169 823 3236 amicus
840 3170 949 3235 adest.

137 3274 269 3343 Lassus
285 3277 321 3342 in
338 3277 498 3343 extremis
511 3277 611 3366 jaceo
627 3277 833 3364 populisque
849 3276 1017 3363 locisque,

183 3383 228 3448 Et
243 3383 332 3449 subit
349 3385 482 3449 adfecto
499 3404 591 3449 nunc
607 3383 705 3460 mihi,
723 3384 887 3471 quicquid
904 3377 1014 3449 abest.

138 3489 266 3555 Omnia
282 3511 361 3556 cum
378 3490 535 3566 subeant,
552 3489 663 3556 vincis
678 3501 794 3557 tamen
811 3490 942 3568 omnia,
961 3488 1127 3580 conjunx,
1162 3523 1171 3560 1
1177 3521 1192 3577 ς

183 3597 227 3662 Et
243 3598 320 3682 plus
335 3597 371 3662 in
386 3608 501 3663 nostro
517 3608 656 3682 pectore
672 3608 769 3682 parte
785 3609 894 3664 tenes.

137 3700 191 3766 Te
207 3702 328 3787 loquor
343 3701 532 3775 absentem,
549 3710 583 3765 te
598 3722 668 3766 vox
684 3722 762 3766 mea
777 3702 933 3768 nominat
947 3722 1077 3778 unam;

183 3805 290 3871 Nulla
306 3806 399 3870 venit
413 3805 488 3871 sine
503 3816 537 3870 te
553 3826 622 3870 nox
638 3807 736 3882 mihi,
755 3809 850 3873 nulla
866 3809 952 3876 dies.

139 3910 234 3997 Quin
252 3911 352 3976 etiarn
370 3911 419 3976 sic
435 3932 490 3975 me
507 3910 624 3975 dicunt
639 3911 753 3976 aliena
770 3913 934 3992 locutum,

183 4018 235 4084 Ut⁴
246 4017 332 4082 soret
347 4015 474 4081 amenti
491 4035 617 4080 nomen
632 4014 669 4079 in
684 4038 744 4082 ore
760 4028 867 4084 tuum.
