2767 4467
222 239 287 319 1116
538 253 611 320 The
633 252 741 341 Story
763 255 812 340 (γ’
824 253 958 319 Mittas.
1129 267 1270 340 [Merum

219 449 343 538 pollice
361 447 533 523 sollicitat,
551 471 698 536 quorum
715 449 897 516 dulcedine
914 459 1036 535 captus
1224 474 1271 530 170

219 555 316 622 Paua
328 556 426 644 jubet
442 554 589 621 Tmolus
606 555 759 620 citharae
777 555 987 621 summittere
1005 574 1148 619 cannas.
1198 576 1199 580 ¹

259 662 433 750 Judicium
451 661 628 747 sanctique
645 661 758 747 placet
773 662 941 727 sententia
958 660 1082 726 montis

218 769 387 834 omnibus.
436 766 605 855 Arguitur
620 778 750 844 tamen,
769 779 870 854 atque
886 767 1013 856 injusta
1028 775 1170 832 vocatur

218 875 319 940 unius
336 895 492 940 sermone
509 873 640 938 Midae.
688 871 767 939 Nec
783 872 905 940 Delius
921 894 1022 939 aures

218 982 405 1046 humanam
422 980 561 1046 stolidas
579 978 705 1064 patitur
721 979 866 1045 retinere
884 981 1054 1068 figuram3
1222 1006 1267 1065 175

217 1089 278 1153 sed
294 1087 396 1153 trahit
411 1087 446 1153 in
463 1087 625 1173 spatium,
642 1085 802 1172 villisque
819 1087 1013 1152 albentibus
1030 1083 1163 1171 implet,

216 1193 459 1281 instabilesque
474 1193 562 1258 imas
577 1193 671 1268 iacit,
690 1203 724 1258 et
740 1193 799 1258 dat
814 1213 915 1278 posse
932 1192 1075 1258 moveri.

217 1314 331 1365 cetera
346 1312 425 1366 sunt
440 1299 608 1366 hominis:
633 1311 766 1386 partem
783 1300 966 1364 damnatur
982 1297 1018 1363 in
1035 1305 1155 1375 unam,

216 1404 433 1492 induiturque
451 1427 551 1471 aures
563 1406 657 1473 lente
673 1404 862 1494 gradientis
880 1403 989 1470 aselli.

262 1512 325 1576 llle
340 1510 480 1598 quidem
496 1512 599 1588 celat,
614 1511 773 1599 turpique
790 1522 931 1578 onerata
949 1508 1080 1596 pudore
1158 1575 1161 1582 ,
1220 1527 1268 1582 180

215 1628 370 1704 tempora
387 1617 567 1704 purpureis
583 1629 726 1705 temptat
741 1620 855 1684 velare
872 1617 988 1692 tiaris3

216 1724 276 1789 sed
293 1724 411 1790 solitus
428 1725 551 1813 longos
567 1726 657 1791 ferro
671 1747 830 1792 resecare
845 1726 991 1812 capillos

214 1831 346 1896 viderat
362 1831 428 1896 hoc
444 1832 604 1897 famulus.
654 1831 740 1919 Qu,
759 1854 838 1898 cum
854 1853 919 1898 nec
935 1831 1083 1918 prodere
1099 1830 1216 1898 visum

214 1938 364 2003 dedecus
381 1938 534 2014 auderet,
551 1938 695 2024 cupiens
713 1938 833 2005 efferre
849 1941 914 2007 sub
932 1960 1049 2016 auras,

213 2065 279 2107 nec
295 2053 408 2129 posset
424 2043 566 2109 reticere
581 2055 711 2121 tamen,
730 2047 871 2122 secedit,
890 2047 1104 2134 humumque
1220 2063 1266 2133 185
1360 2063 1361 2076 ¹

213 2145 343 2225 effodit,
360 2161 406 2226 et,
424 2149 553 2216 domini
570 2151 689 2238 quales
707 2152 879 2239 aspexerit
894 2173 1010 2230 aures,

212 2277 297 2320 voce
313 2256 415 2321 refert
430 2276 550 2341 parva,
568 2268 746 2344 terraeque
762 2257 991 2326 inmurmurat
1007 2260 1176 2338 haustae3

211 2359 444 2448 indiciumque
460 2384 544 2427 suae
560 2363 654 2429 vocis
670 2364 791 2429 tellure
809 2377 947 2453 regesta

210 2467 334 2542 obruit,
352 2478 385 2533 et
399 2468 578 2534 scrobibus
594 2468 714 2534 tacitus
731 2469 874 2536 discedit
889 2471 1029 2557 opertis.

210 2574 331 2638 creber
346 2573 569 2640 arundinibus
586 2575 739 2640 tremulis
755 2575 800 2640 ibi
817 2597 960 2663 surgere
980 2579 1080 2646 lucus

209 2680 333 2765 coepit,
351 2691 397 2754 et,
415 2690 452 2744 ut
467 2680 615 2765 primum
631 2680 734 2765 pleno
751 2683 913 2749 maturuit
930 2705 1036 2762 anno,

210 2785 357 2871 prodidit
374 2785 574 2872 agricolam.
624 2784 713 2850 Len-i
730 2808 812 2853 nam
828 2800 941 2857 motus
957 2793 1002 2860 ab
1019 2803 1136 2860 austro

208 2891 328 2981 obruta
344 2891 449 2956 verba
465 2889 579 2968 refert,
598 2889 795 2982 dominique
812 2898 970 2986 coarguit
986 2919 1100 2966 aures.
