2767 4467
120 277 246 347 X11.73.]
431 263 471 330 Τ
462 265 505 330 be
526 263 646 330 House
668 267 717 350 os
729 265 851 332 Fame.

117 455 332 543 caelestesque
349 461 492 548 plagas,
510 460 650 547 triplicis
667 461 816 527 confinia
833 461 973 526 mundi:

79 634 89 644 ,
115 564 192 627 unde
206 565 295 649 quod
313 577 366 630 est
383 588 544 654 usquam,
561 567 718 654 quamvis
734 567 932 654 regionibus
949 567 1049 644 absit,

113 667 286 754 inspicitur,
303 684 533 760 penetratque
550 694 653 739 cavas
668 695 737 739 vox
754 673 864 738 omnis
882 674 926 739 ad
942 695 1056 740 aures.

112 772 210 838 Fama
218 786 316 856 tenet,
328 798 537 866 summaque
554 780 694 845 domum
711 779 775 844 sibi
792 779 877 866 legit
892 779 928 843 in
945 800 1047 854 arce;

110 879 365 970 innumerosque
384 885 497 950 aditus
512 905 554 951 ac
571 885 664 950 mille
681 885 849 950 foramina
866 885 963 951 tectis

110 985 239 1063 addidit,
256 1000 290 1054 et
304 989 415 1055 nullis
431 989 568 1055 inclusit
583 991 703 1055 limina
720 990 838 1077 portis.

108 1103 197 1157 nocte
211 1093 335 1182 dieque
352 1107 469 1182 patet:
493 1107 561 1161 tota
578 1106 629 1162 est
644 1118 688 1162 ex
706 1115 785 1162 aere
802 1096 959 1174 sonanti;

107 1206 169 1260 tota
183 1199 305 1277 fremit,
322 1223 500 1291 vocesque
515 1201 630 1279 refert,
648 1202 815 1290 iteratque
839 1203 933 1291 quod
957 1203 1052 1270 audit
1062 1227 1072 1280 3

108 1304 193 1368 nulla
207 1308 304 1392 quies
321 1309 431 1386 intus,
445 1309 609 1396 nullaque
625 1308 760 1374 silentia
777 1321 886 1395 parte.

106 1429 164 1474 nec
178 1421 291 1479 tamen
307 1427 364 1482 est
380 1418 523 1491 clamor,
542 1416 603 1481 sed
620 1435 748 1501 parvae
765 1437 941 1483 murmura
956 1418 1073 1484 vocis:

50 1504 53 1508 ⁴
107 1517 212 1599 qualia
227 1520 269 1586 de
285 1524 423 1612 pelagi,
441 1522 470 1588 si
484 1521 561 1609 quis
577 1521 697 1608 procul
714 1520 843 1597 audiat,
860 1523 962 1589 undis
1117 1555 1151 1612 50

108 1640 173 1687 esse
188 1627 318 1704 solent;
344 1630 527 1717 qualemve
543 1649 680 1704 sonum,
699 1647 777 1693 cum
790 1627 947 1714 Juppiter
962 1639 1054 1696 atras

106 1724 263 1816 increpuit
278 1737 408 1812 nubes,
426 1746 580 1802 extrema
596 1735 743 1801 tonitrua
758 1733 917 1800 reddunt.

109 1833 184 1900 atria
197 1840 297 1906 turba
312 1853 430 1909 tenet:
453 1842 594 1908 veniunt
609 1842 685 1907 leve
701 1840 840 1929 vulgus,
858 1851 1029 1929 euntque;

107 1939 269 2032 mixtaque
286 1970 371 2015 cum
386 1947 476 2015 veris
492 1948 620 2035 passim
636 1958 830 2014 commenta
844 1958 1016 2036 vagantur

108 2047 193 2114 milia
206 2074 401 2132 rumorum,
419 2055 628 2142 confusaque
644 2056 749 2121 verba
765 2053 930 2121 volutant.
1116 2083 1149 2142 55

108 2157 253 2242 equibus
269 2165 306 2230 hi
323 2184 455 2230 vacuas
471 2163 614 2248 implent
629 2159 843 2228 sermonibus
861 2182 974 2237 aures,

109 2260 141 2324 hi
155 2280 285 2336 narrata
302 2273 420 2337 serunt
436 2270 514 2346 alio,
533 2289 762 2356 mensuraque
778 2267 847 2334 ficti

108 2373 230 2449 crescit,
248 2388 282 2443 et
299 2376 425 2443 auditis
441 2376 568 2463 aliquid
584 2397 695 2442 novus
711 2375 815 2441 adicit
831 2384 959 2440 auctor.

108 2470 171 2540 illic
185 2477 396 2558 Credulitas,
412 2482 482 2548 illic
498 2481 698 2549 temerarius
714 2480 833 2558 Error,

107 2599 252 2672 vanaque
269 2589 421 2654 Laetitia
437 2599 499 2664 est,
518 2587 792 2674 consternatique
807 2587 981 2666 Timores,
1114 2603 1151 2659 60

108 2681 297 2782 Seditioque
313 2715 446 2771 recens,
465 2694 635 2780 dubioque
652 2705 791 2760 auctore
806 2693 960 2761 Susurri.

106 2789 173 2875 ipsa
188 2801 270 2885 quid
287 2800 323 2865 in
340 2800 436 2866 caelo
451 2822 566 2866 rerum
581 2800 776 2888 pelagoque
792 2812 933 2890 geratur

109 2908 138 2961 et
150 2904 281 2983 tellure,
298 2907 404 2983 videt,
421 2917 595 2993 totumque
611 2906 752 2993 inquirit
767 2907 802 2973 in
819 2908 951 2975 orbem.

146 3005 288 3079 Fecerat
303 3014 391 3078 haec
407 3023 536 3089 notum,
555 3012 680 3078 Graias
698 3033 775 3079 cum
792 3013 897 3079 milite
914 3013 991 3080 sorti

108 3113 284 3185 adventare
301 3131 411 3192 rates3
436 3139 546 3206 neque
563 3119 818 3205 inexspectatus
834 3120 870 3185 in
887 3121 991 3185 armis
1114 3136 1148 3207 ⁶5

108 3215 201 3289 hostis
217 3227 329 3291 adest.
378 3224 565 3292 Prohibent
580 3227 706 3300 aditus,
725 3225 871 3312 litusque
887 3237 1024 3292 tuentur

108 3319 227 3407 Troes3
254 3342 286 3396 et
303 3330 475 3398 Hectorea
492 3334 624 3419 primus
640 3331 787 3397 fataliter
805 3333 915 3408 hasta,

106 3425 297 3513 Protesilae,
316 3438 423 3515 cadis,
441 3438 695 3524 commissaque
711 3437 842 3523 proelia
860 3459 989 3526 magno

106 3546 184 3608 stant
198 3544 349 3620 Danais,
367 3544 529 3630 fortisque
547 3543 683 3608 animae
700 3564 785 3608 nece
803 3543 960 3630 cognitus
978 3542 1121 3608 Hectore
1179 3585 1182 3591 ι

107 3663 160 3712 nec
173 3649 338 3739 Phryges
355 3651 496 3737 exiguo,
513 3649 596 3736 quid
611 3647 770 3714 Achaica
788 3649 928 3714 dextera
944 3657 1072 3734 posset,
1112 3675 1148 3730 70

12 3765 13 3776 ¹
105 3757 265 3846 sanguine
282 3765 476 3822 senserunt.
523 3754 569 3818 Et
579 3754 653 3842 jam
669 3752 778 3840 Sigea
794 3753 963 3818 rubebant

104 3853 209 3942 litora;
231 3864 310 3953 jam
327 3861 394 3926 leto
411 3858 525 3945 proles
540 3857 729 3943 Neptunia,
748 3857 895 3943 Cygnus

102 3967 182 4038 mille
198 3971 297 4036 viros
314 3966 478 4039 dederat;
499 3964 572 4052 jam
588 3985 691 4027 curru
707 3962 855 4024 instabat
870 3960 1040 4032 Achilles,

611 4089 628 4136 8
