2767 4467
235 296 280 346 20
401 298 442 344 11.
481 278 553 345 The
575 278 853 365 Adventarerff
865 274 1058 348 Phaethon.
1140 298 1291 371 [Mum.
1378 315 1379 323 κ

233 475 391 561 deposuit
405 475 535 551 radios,
549 476 951 563 ‘propiusquezaccedere-
957 476 1071 564 jussit,

234 584 464 669 amplexuque
481 582 574 657 dato,
594 593 603 625 ⁴
618 582 696 648 Nec
705 590 748 647 'tu
764 604 860 648 meus
872 604 954 651 ,esse
969 584 1092 670 negari

232 689 358 777 dignus
375 710 425 764 es,
444 699 477 754 et
492 687 663 774 Clymene
678 689 797 755 veros'
812 688 859 755 ait
875 689 1005 757 ‘edidit
1019 703 1125 758 ortus.

232 817 366 883 quoque
384 795 497 860 minus
514 794 661 870 dubites,
678 794 823 881 quodvis
840 806 918 880 pete
935 809 1129 874 munusue
1144 799 1232 867 illud

231 924 287 967 me
303 903 470 967 tribuente
486 901 597 967 feras:
624 901 783 989 promissi
798 902 891 969 testis
908 903 1031 971 adesto
1051 965 1055 973 ,
1229 936 1288 993 ·45

231 1009 284 1074 dis
297 1008 444 1096 juranda
460 1007 573 1094 palus,
592 1007 702 1073 oculis
717 1007 898 1095 incognita·
910 1008 1058 1078 nostris-3
1119 1061 1123 1066 .

277 1114 348 1180 Vix
363 1115 452 1181 bene
468 1114 628 1189 desierat,
646 1134 767 1181 currus
783 1122 883 1201 rogat
898 1114 1147 1200 illepaternos,

231 1220 334 1308 inque
350 1222 442 1286 diem
459 1221 633 1307 alipedum
646 1220 703 1307 jus
719 1226 753 1285 et
769 1220 990 1289 moderamen
1000 1243 1190 1308 equorum.

230 1328 396 1413 paenituit
407 1328 542 1416 jurasse
559 1338 691 1412 patrem
702 1348 713 1392 r
723 1375 727 1391 .
738 1325 795 1413 qui
811 1337 930 1419 terque
945 1339 1135 1418 quaterque.

231 1434 429 1499 concutiens
445 1433 574 1497 illustre
592 1443 707 1516 caput,
729 1431 971 1501 ‘Temeraria'
987 1434 1073 1503 dixit
1090 1498 1098 1503 ,
1253 1468 1289 1525 ⁵0

231 1551 321 1605 ‘vox
339 1560 416 1604 mea
432 1539 522 1604 sacta
539 1545 600 1603 tua
612 1549 684 1611 est-3
708 1536 839 1602 utinam
857 1539 1026 1622 promissa
1043 1541 1161 1608 liceret

230 1667 299 1711 non
315 1644 419 1710 dare!
444 1645 619 1733 confiteor,
638 1644 750 1711 solum
767 1644 833 1709 hoc
849 1644 922 1719 tibi,
940 1656 1033 1721 nate,
1051 1668 1223 1735 negarem
1237 1672 1247 1713 r

229 1752 429 1816 dissuadere
445 1752 536 1821 licet.
585 1750 667 1817 Non
682 1760 735 1817 est
750 1760 810 1816 tua
825 1758 896 1815 tuta
912 1751 1092 1819 voluntas:
1169 1809 1173 1812 r

229 1877 358 1944 magna
374 1857 473 1942 petis,
491 1856 682 1932 Phaethon,
699 1867 733 1922 et
748 1877 838 1943 quae
855 1876 920 1922 nec
935 1857 1064 1923 viribus
1080 1858 1154 1928 istis

228 1984 371 2027 munera
388 1964 606 2039 conveniant,
626 1984 690 2029 nec
706 1974 776 2031 tarn
793 1962 981 2048 puerilibus
995 1964 1120 2033 anniso
1251 1998 1286 2054 55

228 2090 301 2135 sors
317 2080 373 2134 tua
392 2070 563 2145 mortalis;
585 2092 656 2159 non
673 2079 725 2137 est
735 2070 895 2144 mortale,
914 2070 1006 2155 quod
1021 2081 1133 2157 optas.

228 2175 305 2261 plus
321 2174 436 2249 etiarn,
455 2196 558 2263 quam
575 2176 666 2261 quod
683 2175 816 2261 superis
832 2174 1032 2262 contingere
1048 2176 1101 2245 fas
1117 2188 1183 2253 est,
1254 2231 1258 2236 .

226 2266 364 2347 nescius
380 2281 532 2347 affectas.
579 2280 724 2348 Placeat
738 2280 803 2349 sibi
819 2280 963 2367 quisque
979 2281 1114 2351 licebit:

227 2407 296 2452 non
312 2398 427 2451 tamen
443 2386 590 2473 ignifero
606 2387 788 2472 quisquam
805 2384 991 2453 consistere
1006 2386 1041 2452 in
1060 2402 1125 2453 axe

227 2513 282 2558 me
298 2493 389 2559 valet
404 2502 561 2577 excepto.
584 2502 587 2507 '
610 2492 713 2560 Vasti.
724 2513 861 2577 quoque
877 2503 988 2565 rector
1003 2492 1161 2581 Olympi,
1246 2514 1284 2568 ⁶0

225 2599 284 2685 qui
300 2598 372 2663 fera
389 2598 528 2665 terribili
540 2597 712 2685 jaculatur
729 2596 872 2670 fulmina
884 2598 1026 2675 dextra,
1114 2668 1118 2674 ,

224 2726 294 2769 non
311 2715 393 2792 agat
409 2706 471 2771 hos
488 2725 629 2784 currus:
655 2714 688 2776 et
704 2703 786 2791 quid
797 2703 885 2789 Jove
900 2705 1014 2793 majus
1030 2706 1225 2774 habemus?

271 2808 414 2876 ‘Ardua
430 2810 540 2895 prims
553 2810 612 2877 ·via
629 2821 690 2885 est,-
709 2821 826 2894 etqua
842 2811 902 2875 vix
918 2832 1019 2877 mane
1035 2824 1191 2879 recentes

224 2915 395 2984 enituntur
411 2914 512 3003 equi:
537 2914 649 2983 medio
666 2925 717 2979 est
733 2915 899 2988 altissima
916 2920 1026 2996 caelo,

222 3021 314 3086 unde
331 3041 424 3085 mare
441 3030 474 3085 et
489 3031 596 3087 terras
612 3019 678 3104 ipsi
695 3018 779 3084 mihi
796 3041 904 3107 saepe,
916 3026 1034 3091 videre
1243 3048 1280 3118 65

222 3127 258 3191 fit
274 3127 385 3202 timor,
403 3137 436 3191 et
452 3125 576 3211 pavida
586 3125 936 3218 trepidatiormidine
954 3142 1093 3218 pectus:

221 3232 339 3297 ultima
356 3252 463 3318 prona
479 3230 536 3297 via
552 3241 613 3307 est,
632 3243 666 3296 et
682 3243 762 3321 eget
777 3236 1141 3310 moderaminecerto:

221 3349 301 3403 tunc
317 3338 419 3403 etiam
435 3358 523 3425 quae
538 3360 594 3405 me
610 3341 773 3427 subjectis
781 3342 915 3428 :exc-ipit
930 3341 1043 3418 undis,
1093 3408 1097 3412 ,

221 3466 264 3509 ne
280 3445 371 3510 ferar
385 3445 421 3508 in
437 3465 616 3531 praeceps,
636 3448 771 3534 Tethys
786 3450 872 3516 solet
887 3452 963 3535 ipsa
978 3446 1098 3512 vereri.

221 3551 308 3621 adde
324 3551 416 3637 quod
433 3552 571 3617 assidua
589 3552 718 3638 rapitur
733 3553 901 3640 vertigine
916 3552 1064 3627 caelum,
1240 3588 1278 3643 70

220 3658 399 3745 sideraque
416 3659 485 3724 alta
501 3659 615 3734 trahit,
634 3658 806 3744 celerique
822 3658 995 3724 volumine
1010 3668 1156 3743 torquet.

218 3765 306 3829 nitor
321 3764 356 3827 in
374 3766 570 3840 adversum,
589 3785 654 3829 nec
670 3785 726 3829 me
742 3762 801 3849 qui
818 3774 943 3838 cetera,
962 3762 1066 3827 vincit

217 3871 377 3957 impetus,
396 3883 429 3936 et
446 3870 565 3957 rapido
583 3869 773 3937 contrarius
789 3869 917 3933 evehor
931 3867 1017 3933 orbi.
1036 3905 1038 3910 ·

265 3977 398 4065 ‘Finge
415 3977 512 4051 datos
528 3995 668 4039 currus:
692 3972 776 4059 quid
791 3970 897 4060 ages?
920 3972 1090 4057 poterisne
1106 3980 1226 4043 rotatis
