2767 4467
129 266 149 319 1.
168 262 246 337 35¹]
390 244 462 311 Tae
495 244 628 311 Waters
651 267 715 313 are
738 246 901 315 recalled.
1141 266 1180 340 15

126 442 182 508 hic
196 442 257 507 ubi
274 440 469 508 Deucalion
480 480 526 493 -
536 464 616 508 nam
634 453 746 510 cetera
762 453 895 510 texerat
910 466 1094 535 aequor-

125 570 205 615 cum
222 561 380 615 consorte
397 549 459 615 tori
476 570 583 635 parva
599 562 671 615 rate
688 561 806 616 vectus
822 552 990 631 adhaesit,

125 654 320 742 Corycidas
336 656 509 743 nymphas
525 666 558 721 et
574 655 716 721 numina
734 656 857 723 montis
874 659 1030 737 adorant,
1051 658 1054 670 '
1129 692 1182 747 320

125 761 371 848 fatidicamque
387 760 551 838 Themin,
569 783 657 848 quae
673 773 757 830 tunc
772 764 888 829 oracla
904 766 1051 832 tenebat.

125 890 195 935 non
211 868 271 933 illo
288 868 410 933 melior
425 867 607 955 quisquam
624 889 689 933 nec
706 868 874 935 amantior
890 872 993 958 aequi

123 976 179 1042 vir
194 975 268 1051 suit,
288 987 347 1041 aut
362 975 422 1041 illa
438 977 641 1042 metuentior
656 977 728 1041 ulla
744 977 899 1044 deorum.

166 1081 327 1169 Juppiter
342 1092 379 1146 ut
394 1082 532 1168 liquidis
549 1093 712 1170 stagnare
728 1084 913 1169 paludibus
927 1085 1059 1165 orbem,

124 1200 161 1255 et
176 1210 358 1275 superesse
374 1188 484 1253 virum
502 1188 545 1253 de
561 1199 610 1253 tot
626 1190 728 1255 modo
744 1189 882 1255 milibus
898 1212 1019 1271 unum,
1129 1224 1181 1281 3²5

6 1296 8 1301 ’
119 1307 161 1389 ,εὶ
175 1316 357 1380 superesse
373 1294 465 1360 videt
480 1295 524 1360 de
541 1304 590 1361 tot
605 1295 708 1360 modo
725 1295 862 1361 milibus
876 1317 996 1376 unam,

123 1401 445 1487 innocuosambos,
463 1402 610 1467 cultores
627 1400 778 1467 numinis
794 1403 928 1479 ambos,

123 1509 245 1574 nubila
262 1508 408 1597 disjecit,
427 1507 620 1595 nimbisque
638 1508 798 1595 aquilone
815 1510 954 1575 remotis

124 1626 161 1680 et
176 1616 273 1681 caelo
289 1626 399 1681 terras
413 1615 573 1690 ostendit,
592 1625 625 1681 et
641 1617 781 1681 aethera
797 1616 907 1681 terris.

123 1742 192 1787 nec
209 1720 313 1787 maris
328 1721 380 1786 ira
397 1730 525 1797 manet,
543 1720 721 1808 positoque
736 1722 922 1808 tricuspide
938 1723 1006 1789 telo
1129 1755 1182 1808 330

124 1828 254 1894 mulcet
269 1849 379 1915 aquas
394 1838 506 1893 rector
521 1828 650 1915 pelagi,
668 1848 842 1915 supraque
858 1829 1068 1913 profundum

123 1944 317 2001 exstantem
335 1946 436 2020 atque
453 1933 614 1999 humeros
631 1932 748 1999 innato
767 1934 893 2001 murice
910 1946 1036 2001 tectum

124 2042 324 2107 caeruleum
341 2040 485 2105 Tritona
502 2049 612 2113 vocat,
636 2041 858 2128 conchaeque
874 2042 1009 2107 sonanti

123 2147 295 2234 inspirare
308 2146 419 2235 jubet,
436 2145 627 2233 fluctusque
644 2158 677 2211 et
693 2146 836 2213 flumina
854 2148 953 2235 signo

4 2242 6 2267 ³
120 2255 195 2345 jam
212 2273 376 2320 revocare
392 2253 485 2318 dato.
534 2250 632 2319 Cava
648 2254 774 2318 bucina
791 2253 934 2331 sumitur
950 2253 999 2317 illi
1129 2282 1179 2341 335

123 2361 258 2437 tortilis,
276 2360 312 2425 in
329 2360 436 2425 latum
452 2380 541 2446 quae
557 2361 690 2425 turbine
708 2360 830 2425 crescit
847 2359 890 2426 ab
906 2359 990 2435 imo,
1003 2396 1050 2409 -

124 2468 265 2544 bucina,
283 2488 374 2555 quae
391 2467 504 2532 medio
521 2466 679 2552 concepit
696 2465 752 2530 ubi
770 2471 851 2531 aera
868 2477 985 2551 ponto,

124 2575 224 2639 litora
240 2594 327 2640 voce
343 2574 454 2663 replet
467 2574 530 2639 sub
547 2585 690 2660 utroque
703 2572 854 2660 jacentia
871 2571 1027 2637 Phoebo·
1137 2614 1141 2619 -

124 2692 207 2746 tunc
223 2701 374 2767 quoque,
392 2691 427 2745 ut
442 2700 503 2745 ora
520 2679 575 2745 dei
593 2679 733 2744 madida
749 2677 899 2742 rorantia
916 2678 1025 2742 barba

127 2787 282 2874 contigit,
301 2797 334 2850 et
351 2785 472 2851 cecinit
485 2784 601 2874 jussos
617 2784 735 2849 inflata
751 2794 923 2868 receptus,
1129 2815 1182 2871 340

125 2893 286 2959 omnibus
303 2891 416 2956 audita
433 2902 485 2957 est
500 2890 631 2957 telluris
647 2903 680 2955 et
696 2890 854 2978 aequoris
870 2890 971 2956 undis

126 3009 160 3065 et
175 2997 299 3085 quibus
316 3008 367 3062 est
382 2998 483 3063 undis
501 2997 629 3073 audita,
648 2996 799 3062 coercuit
815 3018 948 3062 omnes.

126 3104 269 3170 flumina
286 3103 479 3178 subsidunt,
498 3104 672 3189 collesque
689 3102 784 3167 exire
800 3103 978 3168 videntur:

121 3211 196 3300 jam
212 3231 309 3275 mare
324 3210 404 3275 litus
421 3209 544 3283 habet;
570 3210 690 3295 plenos
707 3209 798 3295 capit
815 3210 933 3275 alveus
949 3231 1089 3285 amnes3

125 3317 236 3405 surgit
252 3318 399 3391 humus3
424 3328 582 3381 crescunt
598 3316 674 3381 loca
692 3316 969 3381 decrescentibus
986 3317 1108 3390 undis3
1128 3344 1179 3400 345

126 3435 269 3511 postque
286 3423 380 3488 diem
397 3423 537 3509 longam
555 3422 682 3487 nudata
700 3422 880 3487 cacumina
897 3422 1005 3487 silvae

124 3531 321 3605 ostendunt,
340 3528 529 3615 limumque
546 3539 662 3594 tenent
677 3528 713 3593 in
730 3530 849 3594 fronde
865 3528 1034 3593 relictum.

168 3636 344 3703 Redditus
361 3635 452 3700 orbis
469 3646 562 3699 erat:
587 3655 688 3721 quem
706 3646 887 3720 postquam
903 3633 988 3699 vidit
1004 3634 1143 3698 inanem

123 3754 153 3811 et
168 3726 348 3811 desolatas
366 3762 471 3826 agere
488 3742 556 3805 alta
573 3739 708 3805 silentia
724 3752 845 3815 terras,

118 3852 321 3920 Deucalion
339 3846 489 3912 lacrimis
506 3848 552 3911 ita
569 3846 740 3933 Pyrrham
759 3846 882 3909 affatur
897 3846 1046 3911 obortisz
1130 3876 1183 3931 350

58 4007 62 4018 .
116 3960 175 4031 ‘O
191 3978 312 4033 soror,
331 3975 353 4021 ο
369 3952 532 4043 conjunx,
550 3975 571 4019 o
587 3951 717 4017 semina
732 3952 807 4015 sola
822 3961 1007 4035 superstes,
