<?xml version="1.0" encoding="UTF-8"?>
<!DOCTYPE html PUBLIC "-//W3C//DTD XHTML 1.0 Transitional//EN"
    "http://www.w3.org/TR/xhtml1/DTD/xhtml1-transitional.dtd">
<html xmlns="http://www.w3.org/1999/xhtml" xml:lang="en" lang="en">
 <head>
  <title>
</title>
<meta http-equiv="Content-Type" content="text/html;charset=utf-8" />
  <meta name='ocr-system' content='tesseract 3.04.00' />
  <meta name='ocr-capabilities' content='ocr_page ocr_carea ocr_par ocr_line ocrx_word'/>
</head>
<body>
  <div class='ocr_page' id='page_1' title='image "./poemataquaedame01ovidgoog_0040.png"; bbox 0 0 2767 4467; ppageno 0'>
   <div class='ocr_carea' id='block_1_1' title="bbox 196 275 1249 377">
    <p class='ocr_par' dir='ltr' id='par_1_1' title="bbox 196 275 1249 377">
     <span class='ocr_line' id='line_1_1' title="bbox 196 275 1249 377; baseline 0.011 -34"><span class='ocrx_word' id='word_1_1' title='bbox 196 275 240 343; x_wconf 87' lang='lat'><strong>26</strong></span> <span class='ocrx_word' id='word_1_2' title='bbox 400 297 439 344; x_wconf 93' lang='lat'><strong>11.</strong></span> <span class='ocrx_word' id='word_1_3' title='bbox 480 278 552 346; x_wconf 78' lang='lat' dir='ltr'><strong>The</strong></span> <span class='ocrx_word' id='word_1_4' title='bbox 573 279 781 348; x_wconf 81' lang='lat' dir='ltr'><em>Adventare</em></span> <span class='ocrx_word' id='word_1_5' title='bbox 804 282 852 368; x_wconf 88' lang='lat' dir='ltr'><strong>os</strong></span> <span class='ocrx_word' id='word_1_6' title='bbox 864 281 1057 350; x_wconf 58' lang='lat' dir='ltr'><strong>Phaethon.</strong></span> <span class='ocrx_word' id='word_1_7' title='bbox 1101 304 1249 377; x_wconf 59' lang='lat' dir='ltr'><strong>[Mam.</strong></span> 
     </span>
    </p>
   </div>
   <div class='ocr_carea' id='block_1_2' title="bbox 189 474 1248 1636">
    <p class='ocr_par' dir='ltr' id='par_1_2' title="bbox 192 474 1248 777">
     <span class='ocr_line' id='line_1_2' title="bbox 194 474 1248 573; baseline 0.009 -32"><span class='ocrx_word' id='word_1_8' title='bbox 194 495 401 561; x_wconf 87' lang='lat' dir='ltr'><strong>arsurusque</strong></span> <span class='ocrx_word' id='word_1_9' title='bbox 419 474 541 541; x_wconf 89' lang='lat' dir='ltr'><strong>iterum</strong></span> <span class='ocrx_word' id='word_1_10' title='bbox 558 476 732 555; x_wconf 87' lang='lat' dir='ltr'><strong>Xanthus,</strong></span> <span class='ocrx_word' id='word_1_11' title='bbox 749 478 928 566; x_wconf 89' lang='lat' dir='ltr'><strong>flavusque</strong></span> <span class='ocrx_word' id='word_1_12' title='bbox 944 479 1154 567; x_wconf 88' lang='lat' dir='ltr'><strong>Lycormas,</strong></span> <span class='ocrx_word' id='word_1_13' title='bbox 1197 518 1248 573; x_wconf 83' lang='lat'><strong>245</strong></span> 
     </span>
     <span class='ocr_line' id='line_1_3' title="bbox 192 581 1034 671; baseline 0.008 -25"><span class='ocrx_word' id='word_1_14' title='bbox 192 583 319 671; x_wconf 90' lang='lat' dir='ltr'><strong>quique</strong></span> <span class='ocrx_word' id='word_1_15' title='bbox 336 581 524 647; x_wconf 88' lang='lat' dir='ltr'><strong>recurvatis</strong></span> <span class='ocrx_word' id='word_1_16' title='bbox 541 583 626 649; x_wconf 88' lang='lat' dir='ltr'><strong>ludit</strong></span> <span class='ocrx_word' id='word_1_17' title='bbox 643 584 852 650; x_wconf 86' lang='lat' dir='ltr'>Maeandros</span> <span class='ocrx_word' id='word_1_18' title='bbox 869 586 905 649; x_wconf 94' lang='lat' dir='ltr'><strong>in</strong></span> <span class='ocrx_word' id='word_1_19' title='bbox 921 588 1034 664; x_wconf 76' lang='lat' dir='ltr'><strong>undiS,</strong></span> 
     </span>
     <span class='ocr_line' id='line_1_4' title="bbox 193 688 1041 777; baseline 0.006 -24"><span class='ocrx_word' id='word_1_20' title='bbox 193 688 475 777; x_wconf 68' lang='lat' dir='ltr'>Mygdoniusque</span> <span class='ocrx_word' id='word_1_21' title='bbox 493 688 607 755; x_wconf 87' lang='lat' dir='ltr'><strong>Melas</strong></span> <span class='ocrx_word' id='word_1_22' title='bbox 626 702 658 755; x_wconf 92' lang='lat' dir='ltr'><strong>et</strong></span> <span class='ocrx_word' id='word_1_23' title='bbox 672 690 867 757; x_wconf 89' lang='lat' dir='ltr'><strong>Taenarius</strong></span> <span class='ocrx_word' id='word_1_24' title='bbox 883 691 1041 760; x_wconf 86' lang='lat' dir='ltr'><strong>Eurotas.</strong></span> 
     </span>
    </p>

    <p class='ocr_par' dir='ltr' id='par_1_3' title="bbox 189 795 1247 1418">
     <span class='ocr_line' id='line_1_5' title="bbox 237 795 1112 883; baseline 0.008 -22"><span class='ocrx_word' id='word_1_25' title='bbox 237 795 332 861; x_wconf 89' lang='lat' dir='ltr'><strong>Arsit</strong></span> <span class='ocrx_word' id='word_1_26' title='bbox 348 807 381 861; x_wconf 90' lang='lat' dir='ltr'><strong>et</strong></span> <span class='ocrx_word' id='word_1_27' title='bbox 397 796 592 881; x_wconf 86' lang='lat' dir='ltr'><strong>Euphrates</strong></span> <span class='ocrx_word' id='word_1_28' title='bbox 609 795 836 883; x_wconf 62' lang='lat' dir='ltr'><strong>Babylonius</strong></span> <span class='ocrx_word' id='word_1_29' title='bbox 854 800 936 863; x_wconf 89' lang='lat' dir='ltr'><strong>arsit</strong></span> <span class='ocrx_word' id='word_1_30' title='bbox 952 800 1112 879; x_wconf 88' lang='lat' dir='ltr'><strong>Orontes,</strong></span> 
     </span>
     <span class='ocr_line' id='line_1_6' title="bbox 191 901 1244 993; baseline 0.009 -27"><span class='ocrx_word' id='word_1_31' title='bbox 191 902 483 993; x_wconf 66' lang='lat' dir='ltr'><strong>Thermodonque</strong></span> <span class='ocrx_word' id='word_1_32' title='bbox 500 901 601 976; x_wconf 87' lang='lat' dir='ltr'><strong>citus,</strong></span> <span class='ocrx_word' id='word_1_33' title='bbox 618 902 843 991; x_wconf 86' lang='lat' dir='ltr'><strong>Gangesque,</strong></span> <span class='ocrx_word' id='word_1_34' title='bbox 858 917 891 970; x_wconf 93' lang='lat' dir='ltr'><strong>et</strong></span> <span class='ocrx_word' id='word_1_35' title='bbox 907 904 1042 984; x_wconf 61' lang='lat' dir='ltr'><strong>Phasis</strong></span> <span class='ocrx_word' id='word_1_36' title='bbox 1062 920 1095 974; x_wconf 94' lang='lat' dir='ltr'><strong>et</strong></span> <span class='ocrx_word' id='word_1_37' title='bbox 1112 910 1244 978; x_wconf 87' lang='lat' dir='ltr'><strong>Hister.</strong></span> 
     </span>
     <span class='ocr_line' id='line_1_7' title="bbox 193 1008 1247 1105; baseline 0.006 -31"><span class='ocrx_word' id='word_1_38' title='bbox 193 1021 324 1082; x_wconf 88' lang='lat' dir='ltr'><strong>aestuat</strong></span> <span class='ocrx_word' id='word_1_39' title='bbox 340 1009 516 1096; x_wconf 86' lang='lat' dir='ltr'><strong>Alpheos;</strong></span> <span class='ocrx_word' id='word_1_40' title='bbox 543 1008 638 1094; x_wconf 88' lang='lat' dir='ltr'><strong>ripae</strong></span> <span class='ocrx_word' id='word_1_41' title='bbox 656 1008 887 1095; x_wconf 89' lang='lat' dir='ltr'><strong>Spercheides</strong></span> <span class='ocrx_word' id='word_1_42' title='bbox 904 1013 1044 1089; x_wconf 82' lang='lat' dir='ltr'><strong>ardent3</strong></span> <span class='ocrx_word' id='word_1_43' title='bbox 1195 1050 1247 1105; x_wconf 84' lang='lat'><strong>250</strong></span> 
     </span>
     <span class='ocr_line' id='line_1_8' title="bbox 191 1116 1234 1205; baseline 0.008 -24"><span class='ocrx_word' id='word_1_44' title='bbox 191 1117 350 1204; x_wconf 89' lang='lat' dir='ltr'><strong>quodque</strong></span> <span class='ocrx_word' id='word_1_45' title='bbox 367 1139 429 1183; x_wconf 91' lang='lat' dir='ltr'><strong>suo</strong></span> <span class='ocrx_word' id='word_1_46' title='bbox 444 1117 566 1205; x_wconf 86' lang='lat' dir='ltr'><strong>Tagus</strong></span> <span class='ocrx_word' id='word_1_47' title='bbox 585 1136 687 1180; x_wconf 89' lang='lat' dir='ltr'><strong>amne</strong></span> <span class='ocrx_word' id='word_1_48' title='bbox 704 1116 810 1192; x_wconf 88' lang='lat' dir='ltr'><strong>vehit,</strong></span> <span class='ocrx_word' id='word_1_49' title='bbox 829 1117 902 1183; x_wconf 88' lang='lat' dir='ltr'><strong>fluit</strong></span> <span class='ocrx_word' id='word_1_50' title='bbox 917 1118 1068 1205; x_wconf 86' lang='lat' dir='ltr'><strong>ignibus,</strong></span> <span class='ocrx_word' id='word_1_51' title='bbox 1087 1130 1234 1199; x_wconf 84' lang='lat' dir='ltr'><strong>aurum3</strong></span> 
     </span>
     <span class='ocr_line' id='line_1_9' title="bbox 191 1222 1033 1311; baseline 0.006 -24"><span class='ocrx_word' id='word_1_52' title='bbox 191 1234 224 1287; x_wconf 91' lang='lat' dir='ltr'><strong>et</strong></span> <span class='ocrx_word' id='word_1_53' title='bbox 239 1245 328 1311; x_wconf 90' lang='lat' dir='ltr'><strong>quae</strong></span> <span class='ocrx_word' id='word_1_54' title='bbox 345 1224 525 1290; x_wconf 90' lang='lat' dir='ltr'><strong>Maeonias</strong></span> <span class='ocrx_word' id='word_1_55' title='bbox 542 1222 757 1288; x_wconf 85' lang='lat' dir='ltr'><strong>celebrarant</strong></span> <span class='ocrx_word' id='word_1_56' title='bbox 773 1224 925 1289; x_wconf 87' lang='lat' dir='ltr'><strong>carmine</strong></span> <span class='ocrx_word' id='word_1_57' title='bbox 939 1225 1033 1311; x_wconf 86' lang='lat' dir='ltr'><strong>ripas</strong></span> 
     </span>
     <span class='ocr_line' id='line_1_10' title="bbox 189 1328 1021 1418; baseline 0.002 -25"><span class='ocrx_word' id='word_1_58' title='bbox 189 1328 373 1396; x_wconf 90' lang='lat' dir='ltr'><strong>flumineae</strong></span> <span class='ocrx_word' id='word_1_59' title='bbox 390 1331 559 1406; x_wconf 88' lang='lat' dir='ltr'><strong>volucres,</strong></span> <span class='ocrx_word' id='word_1_60' title='bbox 578 1330 690 1395; x_wconf 91' lang='lat' dir='ltr'><strong>medio</strong></span> <span class='ocrx_word' id='word_1_61' title='bbox 709 1329 846 1394; x_wconf 86' lang='lat' dir='ltr'><strong>caluere</strong></span> <span class='ocrx_word' id='word_1_62' title='bbox 863 1328 1021 1418; x_wconf 73' lang='lat' dir='ltr'><strong>Caystro.</strong></span> 
     </span>
    </p>

    <p class='ocr_par' dir='ltr' id='par_1_4' title="bbox 189 1434 1244 1636">
     <span class='ocr_line' id='line_1_11' title="bbox 189 1434 1015 1522; baseline 0.006 -24"><span class='ocrx_word' id='word_1_63' title='bbox 189 1434 292 1502; x_wconf 91' lang='lat' dir='ltr'><strong>Nilus</strong></span> <span class='ocrx_word' id='word_1_64' title='bbox 309 1437 343 1501; x_wconf 91' lang='lat' dir='ltr'><strong>in</strong></span> <span class='ocrx_word' id='word_1_65' title='bbox 361 1448 550 1503; x_wconf 88' lang='lat' dir='ltr'><strong>extremum</strong></span> <span class='ocrx_word' id='word_1_66' title='bbox 566 1436 654 1522; x_wconf 83' lang='lat' dir='ltr'><strong>fugit</strong></span> <span class='ocrx_word' id='word_1_67' title='bbox 670 1436 867 1521; x_wconf 90' lang='lat' dir='ltr'><strong>perterritus</strong></span> <span class='ocrx_word' id='word_1_68' title='bbox 883 1438 1015 1515; x_wconf 91' lang='lat' dir='ltr'><strong>orbem,</strong></span> 
     </span>
     <span class='ocr_line' id='line_1_12' title="bbox 189 1542 1244 1636; baseline 0.006 -29"><span class='ocrx_word' id='word_1_69' title='bbox 189 1543 405 1630; x_wconf 89' lang='lat' dir='ltr'><strong>occuluitque</strong></span> <span class='ocrx_word' id='word_1_70' title='bbox 421 1554 535 1628; x_wconf 90' lang='lat' dir='ltr'><strong>caput,</strong></span> <span class='ocrx_word' id='word_1_71' title='bbox 555 1543 647 1629; x_wconf 92' lang='lat' dir='ltr'><strong>quod</strong></span> <span class='ocrx_word' id='word_1_72' title='bbox 664 1542 779 1607; x_wconf 88' lang='lat' dir='ltr'><strong>adhuc</strong></span> <span class='ocrx_word' id='word_1_73' title='bbox 796 1542 897 1607; x_wconf 88' lang='lat' dir='ltr'><strong>latet:</strong></span> <span class='ocrx_word' id='word_1_74' title='bbox 922 1544 1007 1608; x_wconf 91' lang='lat' dir='ltr'><strong>ostia</strong></span> <span class='ocrx_word' id='word_1_75' title='bbox 1024 1557 1156 1631; x_wconf 89' lang='lat' dir='ltr'><strong>septem</strong></span> <span class='ocrx_word' id='word_1_76' title='bbox 1191 1580 1244 1636; x_wconf 80' lang='lat'><strong>255</strong></span> 
     </span>
    </p>
   </div>
   <div class='ocr_carea' id='block_1_3' title="bbox 69 1648 1114 1734">
    <p class='ocr_par' dir='ltr' id='par_1_5' title="bbox 69 1648 1114 1734">
     <span class='ocr_line' id='line_1_13' title="bbox 69 1648 1114 1734; baseline 0.006 -23"><span class='ocrx_word' id='word_1_77' title='bbox 69 1653 73 1660; x_wconf 89' lang='grc'><strong>’</strong></span> <span class='ocrx_word' id='word_1_78' title='bbox 188 1650 425 1732; x_wconf 90' lang='lat' dir='ltr'><strong>pulverulenta</strong></span> <span class='ocrx_word' id='word_1_79' title='bbox 444 1661 579 1724; x_wconf 87' lang='lat' dir='ltr'><strong>vacant,</strong></span> <span class='ocrx_word' id='word_1_80' title='bbox 598 1660 728 1734; x_wconf 89' lang='lat' dir='ltr'><strong>septem</strong></span> <span class='ocrx_word' id='word_1_81' title='bbox 747 1649 820 1713; x_wconf 89' lang='lat' dir='ltr'><strong>sine</strong></span> <span class='ocrx_word' id='word_1_82' title='bbox 837 1648 978 1714; x_wconf 90' lang='lat' dir='ltr'><strong>flumine</strong></span> <span class='ocrx_word' id='word_1_83' title='bbox 994 1653 1114 1717; x_wconf 91' lang='lat' dir='ltr'><strong>valles.</strong></span> 
     </span>
    </p>
   </div>
   <div class='ocr_carea' id='block_1_4' title="bbox 164 1754 1245 3877">
    <p class='ocr_par' dir='ltr' id='par_1_6' title="bbox 189 1754 1245 2055">
     <span class='ocr_line' id='line_1_14' title="bbox 189 1754 1185 1843; baseline 0.009 -26"><span class='ocrx_word' id='word_1_84' title='bbox 189 1754 257 1819; x_wconf 87' lang='lat' dir='ltr'><strong>sors</strong></span> <span class='ocrx_word' id='word_1_85' title='bbox 274 1756 395 1820; x_wconf 88' lang='lat' dir='ltr'><strong>eadem</strong></span> <span class='ocrx_word' id='word_1_86' title='bbox 414 1756 575 1821; x_wconf 90' lang='lat' dir='ltr'><strong>Ismarios</strong></span> <span class='ocrx_word' id='word_1_87' title='bbox 593 1756 749 1821; x_wconf 91' lang='lat' dir='ltr'><strong>Hebrum</strong></span> <span class='ocrx_word' id='word_1_88' title='bbox 768 1777 846 1821; x_wconf 85' lang='lat' dir='ltr'><strong>cunr</strong></span> <span class='ocrx_word' id='word_1_89' title='bbox 865 1755 1049 1843; x_wconf 88' lang='lat' dir='ltr'><strong>Strymone</strong></span> <span class='ocrx_word' id='word_1_90' title='bbox 1066 1760 1185 1836; x_wconf 88' lang='lat' dir='ltr'><strong>siccat,</strong></span> 
     </span>
     <span class='ocr_line' id='line_1_15' title="bbox 189 1859 1245 1953; baseline 0.01 -29"><span class='ocrx_word' id='word_1_91' title='bbox 189 1859 445 1948; x_wconf 89' lang='lat' dir='ltr'><strong>Hesperiosque</strong></span> <span class='ocrx_word' id='word_1_92' title='bbox 486 1884 618 1940; x_wconf 89' lang='lat' dir='ltr'><strong>amnes,</strong></span> <span class='ocrx_word' id='word_1_93' title='bbox 651 1864 816 1929; x_wconf 87' lang='lat' dir='ltr'><strong>Rhenum</strong></span> <span class='ocrx_word' id='word_1_94' title='bbox 856 1863 1135 1953; x_wconf 87' lang='lat' dir='ltr'><strong>Rhodanumque</strong></span> <span class='ocrx_word' id='word_1_95' title='bbox 1175 1868 1245 1935; x_wconf 92' lang='lat' dir='ltr'><strong>Pa·</strong></span> 
     </span>
     <span class='ocr_line' id='line_1_16' title="bbox 322 1968 487 2055; baseline 0.006 -23"><span class='ocrx_word' id='word_1_96' title='bbox 322 1968 487 2055; x_wconf 90' lang='lat' dir='ltr'><strong>dumque,</strong></span> 
     </span>
    </p>

    <p class='ocr_par' dir='ltr' id='par_1_7' title="bbox 187 2072 1072 2166">
     <span class='ocr_line' id='line_1_17' title="bbox 187 2072 1072 2166; baseline 0.006 -29"><span class='ocrx_word' id='word_1_97' title='bbox 187 2072 311 2160; x_wconf 90' lang='lat' dir='ltr'><strong>cuique</strong></span> <span class='ocrx_word' id='word_1_98' title='bbox 329 2074 390 2140; x_wconf 85' lang='lat' dir='ltr'><strong>suit</strong></span> <span class='ocrx_word' id='word_1_99' title='bbox 406 2097 518 2140; x_wconf 90' lang='lat' dir='ltr'><strong>rerum</strong></span> <span class='ocrx_word' id='word_1_100' title='bbox 536 2076 704 2161; x_wconf 90' lang='lat' dir='ltr'><strong>promissa</strong></span> <span class='ocrx_word' id='word_1_101' title='bbox 721 2079 883 2164; x_wconf 88' lang='lat' dir='ltr'><strong>potentia,</strong></span> <span class='ocrx_word' id='word_1_102' title='bbox 902 2078 1072 2166; x_wconf 85' lang='lat' dir='ltr'><strong>Thybrin.</strong></span> 
     </span>
    </p>

    <p class='ocr_par' dir='ltr' id='par_1_8' title="bbox 180 2180 1238 3450">
     <span class='ocr_line' id='line_1_18' title="bbox 232 2180 1192 2271; baseline 0.011 -28"><span class='ocrx_word' id='word_1_103' title='bbox 232 2180 363 2245; x_wconf 90' lang='lat' dir='ltr'><strong>Dissilit</strong></span> <span class='ocrx_word' id='word_1_104' title='bbox 380 2203 481 2247; x_wconf 89' lang='lat' dir='ltr'><strong>omne</strong></span> <span class='ocrx_word' id='word_1_105' title='bbox 498 2183 622 2257; x_wconf 88' lang='lat' dir='ltr'><strong>solum,</strong></span> <span class='ocrx_word' id='word_1_106' title='bbox 641 2196 862 2271; x_wconf 86' lang='lat' dir='ltr'><strong>penetratque</strong></span> <span class='ocrx_word' id='word_1_107' title='bbox 879 2186 914 2250; x_wconf 92' lang='lat' dir='ltr'><strong>in</strong></span> <span class='ocrx_word' id='word_1_108' title='bbox 932 2186 1080 2252; x_wconf 89' lang='lat' dir='ltr'><strong>Tartara</strong></span> <span class='ocrx_word' id='word_1_109' title='bbox 1096 2186 1192 2254; x_wconf 87' lang='lat' dir='ltr'><strong>rimis</strong></span> 
     </span>
     <span class='ocr_line' id='line_1_19' title="bbox 184 2285 1090 2380; baseline 0.01 -31"><span class='ocrx_word' id='word_1_110' title='bbox 184 2285 315 2362; x_wconf 91' lang='lat' dir='ltr'><strong>lumen,</strong></span> <span class='ocrx_word' id='word_1_111' title='bbox 333 2298 367 2352; x_wconf 90' lang='lat' dir='ltr'><strong>et</strong></span> <span class='ocrx_word' id='word_1_112' title='bbox 382 2287 553 2353; x_wconf 83' lang='lat' dir='ltr'><strong>infernum</strong></span> <span class='ocrx_word' id='word_1_113' title='bbox 570 2300 672 2355; x_wconf 89' lang='lat' dir='ltr'><strong>terret</strong></span> <span class='ocrx_word' id='word_1_114' title='bbox 688 2312 766 2354; x_wconf 92' lang='lat' dir='ltr'><strong>cum</strong></span> <span class='ocrx_word' id='word_1_115' title='bbox 783 2292 932 2379; x_wconf 88' lang='lat' dir='ltr'><strong>conjuge</strong></span> <span class='ocrx_word' id='word_1_116' title='bbox 949 2314 1090 2380; x_wconf 88' lang='lat' dir='ltr'><strong>regem;</strong></span> 
     </span>
     <span class='ocr_line' id='line_1_20' title="bbox 185 2396 1138 2485; baseline 0.009 -29"><span class='ocrx_word' id='word_1_117' title='bbox 185 2402 218 2456; x_wconf 90' lang='lat' dir='ltr'><strong>et</strong></span> <span class='ocrx_word' id='word_1_118' title='bbox 234 2414 328 2457; x_wconf 89' lang='lat' dir='ltr'><strong>mare</strong></span> <span class='ocrx_word' id='word_1_119' title='bbox 346 2396 567 2469; x_wconf 89' lang='lat' dir='ltr'><strong>contrahitur,</strong></span> <span class='ocrx_word' id='word_1_120' title='bbox 586 2396 767 2483; x_wconf 90' lang='lat' dir='ltr'><strong>siccaeque</strong></span> <span class='ocrx_word' id='word_1_121' title='bbox 783 2408 834 2461; x_wconf 90' lang='lat' dir='ltr'><strong>est</strong></span> <span class='ocrx_word' id='word_1_122' title='bbox 850 2418 994 2485; x_wconf 89' lang='lat' dir='ltr'><strong>campus</strong></span> <span class='ocrx_word' id='word_1_123' title='bbox 1013 2421 1138 2465; x_wconf 89' lang='lat' dir='ltr'><strong>arenae</strong></span> 
     </span>
     <span class='ocr_line' id='line_1_21' title="bbox 183 2500 1233 2593; baseline 0.011 -31"><span class='ocrx_word' id='word_1_124' title='bbox 183 2500 275 2584; x_wconf 87' lang='lat' dir='ltr'><strong>quod</strong></span> <span class='ocrx_word' id='word_1_125' title='bbox 293 2501 393 2565; x_wconf 92' lang='lat' dir='ltr'><strong>modo</strong></span> <span class='ocrx_word' id='word_1_126' title='bbox 410 2512 533 2585; x_wconf 88' lang='lat' dir='ltr'><strong>pontus</strong></span> <span class='ocrx_word' id='word_1_127' title='bbox 551 2511 635 2575; x_wconf 89' lang='lat' dir='ltr'><strong>erat,</strong></span> <span class='ocrx_word' id='word_1_128' title='bbox 650 2523 804 2588; x_wconf 91' lang='lat' dir='ltr'><strong>quosque</strong></span> <span class='ocrx_word' id='word_1_129' title='bbox 822 2502 927 2567; x_wconf 89' lang='lat' dir='ltr'><strong>altum</strong></span> <span class='ocrx_word' id='word_1_130' title='bbox 945 2517 1077 2571; x_wconf 87' lang='lat' dir='ltr'><strong>texerat</strong></span> <span class='ocrx_word' id='word_1_131' title='bbox 1093 2528 1233 2593; x_wconf 84' lang='lat' dir='ltr'><strong>aequor·</strong></span> 
     </span>
     <span class='ocr_line' id='line_1_22' title="bbox 184 2605 1053 2703; baseline 0.01 -35"><span class='ocrx_word' id='word_1_132' title='bbox 184 2605 349 2671; x_wconf 88' lang='lat' dir='ltr'><strong>exsistunt</strong></span> <span class='ocrx_word' id='word_1_133' title='bbox 366 2618 497 2671; x_wconf 91' lang='lat' dir='ltr'><strong>montes</strong></span> <span class='ocrx_word' id='word_1_134' title='bbox 514 2616 546 2671; x_wconf 91' lang='lat' dir='ltr'><strong>et</strong></span> <span class='ocrx_word' id='word_1_135' title='bbox 562 2627 700 2691; x_wconf 85' lang='lat' dir='ltr'><strong>sparsas</strong></span> <span class='ocrx_word' id='word_1_136' title='bbox 718 2605 894 2694; x_wconf 90' lang='lat' dir='ltr'><strong>Cycladas</strong></span> <span class='ocrx_word' id='word_1_137' title='bbox 912 2627 1053 2703; x_wconf 87' lang='lat' dir='ltr'><strong>augent.</strong></span> 
     </span>
     <span class='ocr_line' id='line_1_23' title="bbox 183 2710 1238 2814; baseline 0.017 -39"><span class='ocrx_word' id='word_1_138' title='bbox 183 2710 251 2775; x_wconf 89' lang='lat' dir='ltr'><strong>ima</strong></span> <span class='ocrx_word' id='word_1_139' title='bbox 268 2722 385 2797; x_wconf 88' lang='lat' dir='ltr'><strong>petunt</strong></span> <span class='ocrx_word' id='word_1_140' title='bbox 401 2714 525 2797; x_wconf 91' lang='lat' dir='ltr'><strong>pisces,</strong></span> <span class='ocrx_word' id='word_1_141' title='bbox 544 2734 608 2778; x_wconf 91' lang='lat' dir='ltr'><strong>nec</strong></span> <span class='ocrx_word' id='word_1_142' title='bbox 625 2736 662 2779; x_wconf 91' lang='lat' dir='ltr'><strong>se</strong></span> <span class='ocrx_word' id='word_1_143' title='bbox 678 2736 782 2801; x_wconf 92' lang='lat' dir='ltr'><strong>super</strong></span> <span class='ocrx_word' id='word_1_144' title='bbox 799 2740 948 2805; x_wconf 89' lang='lat' dir='ltr'><strong>aequora</strong></span> <span class='ocrx_word' id='word_1_145' title='bbox 966 2724 1061 2789; x_wconf 89' lang='lat' dir='ltr'><strong>curvi</strong></span> <span class='ocrx_word' id='word_1_146' title='bbox 1184 2744 1238 2814; x_wconf 80' lang='lat'><strong>265</strong></span> 
     </span>
     <span class='ocr_line' id='line_1_24' title="bbox 182 2818 1021 2907; baseline 0.017 -27"><span class='ocrx_word' id='word_1_147' title='bbox 182 2818 299 2881; x_wconf 92' lang='lat' dir='ltr'><strong>tollere</strong></span> <span class='ocrx_word' id='word_1_148' title='bbox 317 2831 497 2883; x_wconf 91' lang='lat' dir='ltr'><strong>consuetas</strong></span> <span class='ocrx_word' id='word_1_149' title='bbox 515 2820 641 2885; x_wconf 90' lang='lat' dir='ltr'><strong>audent</strong></span> <span class='ocrx_word' id='word_1_150' title='bbox 656 2821 837 2907; x_wconf 89' lang='lat' dir='ltr'><strong>delphines</strong></span> <span class='ocrx_word' id='word_1_151' title='bbox 855 2826 889 2890; x_wconf 91' lang='lat' dir='ltr'><strong>in</strong></span> <span class='ocrx_word' id='word_1_152' title='bbox 907 2850 1021 2895; x_wconf 87' lang='lat' dir='ltr'><strong>auras.</strong></span> 
     </span>
     <span class='ocr_line' id='line_1_25' title="bbox 182 2925 1048 3019; baseline 0.018 -32"><span class='ocrx_word' id='word_1_153' title='bbox 182 2943 325 3007; x_wconf 88' lang='lat' dir='ltr'><strong>corpora</strong></span> <span class='ocrx_word' id='word_1_154' title='bbox 343 2925 529 3009; x_wconf 88' lang='lat' dir='ltr'><strong>phocarum</strong></span> <span class='ocrx_word' id='word_1_155' title='bbox 548 2946 682 2990; x_wconf 89' lang='lat' dir='ltr'><strong>summo</strong></span> <span class='ocrx_word' id='word_1_156' title='bbox 700 2932 861 3016; x_wconf 90' lang='lat' dir='ltr'><strong>resupina</strong></span> <span class='ocrx_word' id='word_1_157' title='bbox 879 2937 1048 3019; x_wconf 86' lang='lat' dir='ltr'><strong>profundo</strong></span> 
     </span>
     <span class='ocr_line' id='line_1_26' title="bbox 182 3029 1134 3125; baseline 0.02 -33"><span class='ocrx_word' id='word_1_158' title='bbox 182 3029 376 3094; x_wconf 84' lang='lat' dir='ltr'><strong>exanimata</strong></span> <span class='ocrx_word' id='word_1_159' title='bbox 394 3041 530 3095; x_wconf 89' lang='lat' dir='ltr'><strong>natant:</strong></span> <span class='ocrx_word' id='word_1_160' title='bbox 555 3031 666 3117; x_wconf 92' lang='lat' dir='ltr'><strong>ipsum</strong></span> <span class='ocrx_word' id='word_1_161' title='bbox 685 3058 822 3125; x_wconf 86' lang='lat' dir='ltr'><strong>quoque</strong></span> <span class='ocrx_word' id='word_1_162' title='bbox 839 3041 956 3109; x_wconf 88' lang='lat' dir='ltr'><strong>Nerea</strong></span> <span class='ocrx_word' id='word_1_163' title='bbox 973 3045 1066 3109; x_wconf 87' lang='lat' dir='ltr'><strong>sama</strong></span> <span class='ocrx_word' id='word_1_164' title='bbox 1082 3055 1134 3110; x_wconf 88' lang='lat' dir='ltr'><strong>est</strong></span> 
     </span>
     <span class='ocr_line' id='line_1_27' title="bbox 181 3134 1050 3225; baseline 0.017 -27"><span class='ocrx_word' id='word_1_165' title='bbox 181 3134 379 3222; x_wconf 89' lang='lat' dir='ltr'><strong>Doridaque</strong></span> <span class='ocrx_word' id='word_1_166' title='bbox 396 3148 429 3200; x_wconf 88' lang='lat' dir='ltr'><strong>et</strong></span> <span class='ocrx_word' id='word_1_167' title='bbox 444 3148 540 3203; x_wconf 88' lang='lat' dir='ltr'><strong>natas</strong></span> <span class='ocrx_word' id='word_1_168' title='bbox 557 3140 680 3225; x_wconf 92' lang='lat' dir='ltr'><strong>tepidis</strong></span> <span class='ocrx_word' id='word_1_169' title='bbox 697 3145 836 3212; x_wconf 91' lang='lat' dir='ltr'><strong>latuisse</strong></span> <span class='ocrx_word' id='word_1_170' title='bbox 853 3152 917 3214; x_wconf 93' lang='lat' dir='ltr'><strong>sub</strong></span> <span class='ocrx_word' id='word_1_171' title='bbox 934 3152 1050 3216; x_wconf 87' lang='lat' dir='ltr'><strong>antris.</strong></span> 
     </span>
     <span class='ocr_line' id='line_1_28' title="bbox 180 3241 1236 3343; baseline 0.026 -39"><span class='ocrx_word' id='word_1_172' title='bbox 180 3251 230 3306; x_wconf 90' lang='lat' dir='ltr'><strong>ter</strong></span> <span class='ocrx_word' id='word_1_173' title='bbox 246 3241 429 3327; x_wconf 90' lang='lat' dir='ltr'><strong>Neptunus</strong></span> <span class='ocrx_word' id='word_1_174' title='bbox 446 3245 542 3330; x_wconf 92' lang='lat' dir='ltr'><strong>aquis</strong></span> <span class='ocrx_word' id='word_1_175' title='bbox 559 3269 637 3311; x_wconf 91' lang='lat' dir='ltr'><strong>cum</strong></span> <span class='ocrx_word' id='word_1_176' title='bbox 656 3263 751 3317; x_wconf 91' lang='lat' dir='ltr'><strong>torvo</strong></span> <span class='ocrx_word' id='word_1_177' title='bbox 768 3256 931 3322; x_wconf 87' lang='lat' dir='ltr'><strong>bracchia</strong></span> <span class='ocrx_word' id='word_1_178' title='bbox 947 3258 1041 3321; x_wconf 89' lang='lat' dir='ltr'><strong>vultu</strong></span> <span class='ocrx_word' id='word_1_179' title='bbox 1182 3289 1236 3343; x_wconf 86' lang='lat'><strong>270</strong></span> 
     </span>
     <span class='ocr_line' id='line_1_29' title="bbox 180 3363 1051 3450; baseline 0.02 -40"><span class='ocrx_word' id='word_1_180' title='bbox 180 3368 338 3413; x_wconf 85' lang='lat' dir='ltr'><strong>exserere</strong></span> <span class='ocrx_word' id='word_1_181' title='bbox 357 3370 459 3416; x_wconf 90' lang='lat' dir='ltr'><strong>ausus</strong></span> <span class='ocrx_word' id='word_1_182' title='bbox 476 3364 567 3430; x_wconf 84' lang='lat' dir='ltr'><strong>erat3</strong></span> <span class='ocrx_word' id='word_1_183' title='bbox 592 3370 643 3423; x_wconf 86' lang='lat' dir='ltr'><strong>ter</strong></span> <span class='ocrx_word' id='word_1_184' title='bbox 660 3383 729 3426; x_wconf 92' lang='lat' dir='ltr'><strong>non</strong></span> <span class='ocrx_word' id='word_1_185' title='bbox 747 3363 821 3427; x_wconf 91' lang='lat' dir='ltr'><strong>tulit</strong></span> <span class='ocrx_word' id='word_1_186' title='bbox 837 3364 923 3427; x_wconf 68' lang='lat' dir='ltr'><strong>aeris</strong></span> <span class='ocrx_word' id='word_1_187' title='bbox 940 3364 1051 3450; x_wconf 85' lang='lat' dir='ltr'><strong>ignes.</strong></span> 
     </span>
    </p>

    <p class='ocr_par' dir='ltr' id='par_1_9' title="bbox 164 3454 1234 3877">
     <span class='ocr_line' id='line_1_30' title="bbox 224 3454 1114 3552; baseline 0.016 -34"><span class='ocrx_word' id='word_1_188' title='bbox 224 3454 328 3520; x_wconf 87' lang='lat' dir='ltr'><strong>Alma</strong></span> <span class='ocrx_word' id='word_1_189' title='bbox 344 3467 459 3522; x_wconf 90' lang='lat' dir='ltr'><strong>tamen</strong></span> <span class='ocrx_word' id='word_1_190' title='bbox 475 3459 610 3539; x_wconf 89' lang='lat' dir='ltr'><strong>Tellus,</strong></span> <span class='ocrx_word' id='word_1_191' title='bbox 629 3479 666 3532; x_wconf 94' lang='lat' dir='ltr'><strong>ut</strong></span> <span class='ocrx_word' id='word_1_192' title='bbox 682 3480 755 3533; x_wconf 88' lang='lat' dir='ltr'><strong>erat</strong></span> <span class='ocrx_word' id='word_1_193' title='bbox 771 3469 982 3533; x_wconf 88' lang='lat' dir='ltr'><strong>circumdata</strong></span> <span class='ocrx_word' id='word_1_194' title='bbox 998 3479 1114 3552; x_wconf 90' lang='lat' dir='ltr'><strong>ponto,</strong></span> 
     </span>
     <span class='ocr_line' id='line_1_31' title="bbox 179 3559 1051 3660; baseline 0.017 -37"><span class='ocrx_word' id='word_1_195' title='bbox 179 3559 266 3625; x_wconf 90' lang='lat' dir='ltr'><strong>inter</strong></span> <span class='ocrx_word' id='word_1_196' title='bbox 282 3584 388 3649; x_wconf 90' lang='lat' dir='ltr'><strong>aquas</strong></span> <span class='ocrx_word' id='word_1_197' title='bbox 405 3567 534 3657; x_wconf 88' lang='lat' dir='ltr'><strong>pelagi,</strong></span> <span class='ocrx_word' id='word_1_198' title='bbox 554 3584 745 3638; x_wconf 86' lang='lat' dir='ltr'><strong>contractos</strong></span> <span class='ocrx_word' id='word_1_199' title='bbox 762 3574 912 3660; x_wconf 91' lang='lat' dir='ltr'><strong>undique</strong></span> <span class='ocrx_word' id='word_1_200' title='bbox 929 3573 1051 3649; x_wconf 87' lang='lat' dir='ltr'><strong>sontes,</strong></span> 
     </span>
     <span class='ocr_line' id='line_1_32' title="bbox 164 3668 1022 3763; baseline 0.017 -34"><span class='ocrx_word' id='word_1_201' title='bbox 164 3668 235 3753; x_wconf 39' lang='lat' dir='ltr'><strong>‘qui</strong></span> <span class='ocrx_word' id='word_1_202' title='bbox 253 3690 288 3733; x_wconf 90' lang='lat' dir='ltr'><strong>se</strong></span> <span class='ocrx_word' id='word_1_203' title='bbox 306 3674 529 3743; x_wconf 89' lang='lat' dir='ltr'><strong>condiderant</strong></span> <span class='ocrx_word' id='word_1_204' title='bbox 544 3680 577 3743; x_wconf 90' lang='lat' dir='ltr'><strong>in</strong></span> <span class='ocrx_word' id='word_1_205' title='bbox 596 3700 727 3763; x_wconf 92' lang='lat' dir='ltr'><strong>opacae</strong></span> <span class='ocrx_word' id='word_1_206' title='bbox 743 3678 876 3743; x_wconf 87' lang='lat' dir='ltr'><strong>viscera</strong></span> <span class='ocrx_word' id='word_1_207' title='bbox 892 3680 1022 3755; x_wconf 90' lang='lat' dir='ltr'><strong>matris,</strong></span> 
     </span>
     <span class='ocr_line' id='line_1_33' title="bbox 178 3778 1234 3877; baseline 0.012 -31"><span class='ocrx_word' id='word_1_208' title='bbox 178 3778 312 3841; x_wconf 80' lang='lat' dir='ltr'><strong>sustulit</strong></span> <span class='ocrx_word' id='word_1_209' title='bbox 328 3807 511 3870; x_wconf 89' lang='lat' dir='ltr'><strong>oppressos</strong></span> <span class='ocrx_word' id='word_1_210' title='bbox 529 3786 616 3850; x_wconf 94' lang='lat' dir='ltr'><strong>collo</strong></span> <span class='ocrx_word' id='word_1_211' title='bbox 632 3796 732 3849; x_wconf 91' lang='lat' dir='ltr'><strong>tenus</strong></span> <span class='ocrx_word' id='word_1_212' title='bbox 749 3784 844 3849; x_wconf 89' lang='lat' dir='ltr'><strong>arida</strong></span> <span class='ocrx_word' id='word_1_213' title='bbox 860 3786 994 3849; x_wconf 86' lang='lat' dir='ltr'><strong>vultus:</strong></span> <span class='ocrx_word' id='word_1_214' title='bbox 1180 3820 1234 3877; x_wconf 82' lang='lat'><em>273·</em></span> 
     </span>
    </p>
   </div>
   <div class='ocr_carea' id='block_1_5' title="bbox 178 3890 1083 4078">
    <p class='ocr_par' dir='ltr' id='par_1_10' title="bbox 178 3890 1083 4078">
     <span class='ocr_line' id='line_1_34' title="bbox 178 3890 1069 3982; baseline 0.008 -34"><span class='ocrx_word' id='word_1_215' title='bbox 178 3890 403 3975; x_wconf 89' lang='lat' dir='ltr'><strong>opposuitque</strong></span> <span class='ocrx_word' id='word_1_216' title='bbox 421 3912 560 3954; x_wconf 89' lang='lat' dir='ltr'><strong>manum</strong></span> <span class='ocrx_word' id='word_1_217' title='bbox 578 3890 691 3982; x_wconf 78' lang='lat' dir='ltr'><strong>fronti,</strong></span> <span class='ocrx_word' id='word_1_218' title='bbox 710 3911 908 3974; x_wconf 88' lang='lat' dir='ltr'><strong>magnoque</strong></span> <span class='ocrx_word' id='word_1_219' title='bbox 924 3901 1069 3955; x_wconf 89' lang='lat' dir='ltr'><strong>tremore</strong></span> 
     </span>
     <span class='ocr_line' id='line_1_35' title="bbox 178 3993 1083 4078; baseline 0.003 -23"><span class='ocrx_word' id='word_1_220' title='bbox 178 3994 294 4058; x_wconf 88' lang='lat' dir='ltr'><strong>omnia</strong></span> <span class='ocrx_word' id='word_1_221' title='bbox 311 3994 509 4059; x_wconf 89' lang='lat' dir='ltr'><strong>concutiens</strong></span> <span class='ocrx_word' id='word_1_222' title='bbox 525 3994 667 4078; x_wconf 90' lang='lat' dir='ltr'><strong>paulurn</strong></span> <span class='ocrx_word' id='word_1_223' title='bbox 683 3993 849 4069; x_wconf 91' lang='lat' dir='ltr'><strong>subsedit,</strong></span> <span class='ocrx_word' id='word_1_224' title='bbox 868 4006 901 4056; x_wconf 90' lang='lat' dir='ltr'><strong>et</strong></span> <span class='ocrx_word' id='word_1_225' title='bbox 916 3994 1004 4058; x_wconf 80' lang='lat' dir='ltr'><strong>inira</strong></span> <span class='ocrx_word' id='word_1_226' title='bbox 1079 4040 1083 4048; x_wconf 42' lang='grc' dir='ltr'><em>ι</em></span> 
     </span>
    </p>
   </div>
   <div class='ocr_carea' id='block_1_6' title="bbox 0 0 1388 4467">
    <p class='ocr_par' dir='ltr' id='par_1_11' title="bbox 0 0 1388 4467">
     <span class='ocr_line' id='line_1_36' title="bbox 0 0 1388 4467; baseline 0 5"><span class='ocrx_word' id='word_1_227' title='bbox 0 0 1388 4467; x_wconf 95' lang='lat' dir='ltr'><strong> </strong></span> 
     </span>
    </p>
   </div>
  </div>
 </body>
</html>
