2767 4467
208 282 253 350 86
506 280 542 347 Τ
535 281 578 348 Ire
605 278 823 366 Calydom'an
848 276 964 344 Hunt.
1120 292 1261 364 [Mamm

208 481 245 547 in
261 480 373 546 scelus
390 478 586 544 addendum
603 476 717 542 scelus
733 487 795 552 est,
814 475 850 541 in
865 475 987 539 funera
1003 472 1127 547 funus3

209 609 270 673 per
287 595 507 652 coacervatos
524 594 642 668 pereat
657 584 780 647 domus
797 581 904 667 impia
921 582 1045 644 luctus.
1211 595 1262 660 485

210 715 253 758 an
270 692 353 757 felix
370 690 510 756 Oeneus
526 699 607 753 nato
622 688 750 753 victore
766 687 908 761 fruetur,

208 798 371 864 Thestius
388 797 491 862 orbus
508 792 594 858 erit?
640 793 769 859 Melius
786 790 947 880 lugebitis
966 790 1080 856 ambo.

209 927 271 970 vos
288 904 402 979 modo,
420 899 559 966 fraterni
579 919 711 974 manes,
731 899 935 985 animaeque
952 907 1121 972 recentes,

210 1010 357 1076 officium
376 1008 495 1075 sentite
512 1027 640 1081 meum,
660 1026 856 1091 magnoque
873 1014 1011 1090 paratas

211 1116 355 1201 accipite
371 1115 522 1189 inferias,
540 1111 626 1176 uteri
644 1111 734 1175 mala
751 1111 898 1198 pignora
914 1108 1032 1174 nostri.
1211 1135 1262 1193 490

258 1222 322 1288 ‘Ei
340 1219 444 1286 mihil
468 1241 536 1307 quo
552 1215 688 1304 rapior?
712 1215 833 1281 fratres
848 1214 1017 1303 ignoscite
1034 1211 1155 1278 matril

211 1326 372 1393 deliciunt
388 1326 433 1392 ad
448 1336 569 1411 coepta
586 1343 721 1388 manus.
771 1321 944 1386 Meruisse
961 1321 1108 1385 fatemur

210 1435 320 1509 illum,
338 1454 400 1498 cur
415 1442 552 1518 pereat:
578 1429 694 1494 mortis
711 1426 795 1493 mihi
812 1426 969 1512 displicet
985 1437 1116 1491 auctor.
1194 1437 1207 1452 ⁸

211 1561 295 1627 ergo
311 1538 450 1624 impune
467 1537 563 1613 feret,
580 1535 746 1622 vivusque
763 1544 797 1598 et
811 1533 920 1598 victor
936 1542 969 1598 et
984 1533 1060 1618 ipso

211 1666 372 1711 successu
388 1644 536 1709 tumidus
553 1653 698 1731 regnum
715 1639 907 1727 Calydonis
924 1636 1085 1704 habebit?
1210 1666 1260 1725 495

210 1773 272 1818 vos
288 1751 373 1817 cinis
389 1751 536 1839 exiguus
552 1750 757 1838 gelidaeque
770 1745 928 1837 jacebitis
945 1742 1113 1809 umbrae?

211 1859 303 1923 haud
320 1857 478 1944 equidem
495 1857 617 1943 patiar.
665 1855 790 1922 Pereat
805 1853 1006 1927 sceleratus,
1027 1863 1060 1916 et
1075 1850 1135 1916 ille

210 1986 374 2050 spemque
390 1965 494 2049 patris
511 1963 677 2050 regnique
692 1962 805 2026 trahat
821 1958 1021 2046 patriaeque
1037 1957 1189 2022 ruinam.

210 2091 307 2134 mens
322 2068 380 2134 ubi
398 2079 551 2133 materna
567 2066 640 2132 est?
662 2067 721 2132 ubi
738 2077 816 2132 sunt
832 2067 888 2151 pia
902 2065 981 2153 jura
998 2062 1206 2149 parentum?

210 2159 244 2240 et
258 2197 343 2262 quos
360 2173 502 2240 sustinui
518 2174 571 2238 bis
587 2194 742 2238 mensum
760 2173 911 2260 quinque
928 2170 1087 2237 labores?
1213 2199 1262 2258 5⁰0

210 2277 242 2342 0
258 2276 386 2342 utinam
403 2276 522 2362 primis
539 2276 680 2341 arsisses
696 2276 834 2362 ignibus
851 2275 979 2351 infans,

209 2382 311 2470 idque
327 2405 393 2470 ego
411 2403 513 2468 passa
529 2380 658 2447 forem!
706 2381 831 2446 Vixisti
849 2403 991 2447 munere
1009 2391 1149 2448 nostroe

208 2510 300 2554 nunc
316 2489 436 2553 merito
452 2488 597 2553 moriere
613 2498 682 2552 tuo.
732 2486 830 2572 Cape
847 2489 1002 2574 praemia
1019 2489 1113 2566 facti,

208 2595 327 2682 bisque
343 2595 473 2670 datam,
491 2593 637 2679 primum
654 2605 767 2678 partu,
787 2615 867 2659 mox
884 2595 996 2682 stipite
1013 2609 1126 2682 raptu,

207 2701 313 2767 redde
329 2700 493 2776 animam,
510 2699 566 2764 vel
582 2721 638 2764 me
653 2698 812 2766 fraternis
829 2701 918 2766 adde
936 2703 1117 2789 sepulcris.
1212 2733 1258 2789 505

253 2805 320 2870 ‘Et
345 2806 458 2890 cupio,
488 2816 522 2870 et
548 2826 703 2891 nequeo:
728 2806 811 2893 quid
835 2807 963 2896 agam?
989 2810 1092 2875 modo
1113 2809 1261 2874 ¹vulnera

341 2911 483 2974 fratrum

208 3027 285 3082 ante
302 3016 418 3081 oculos
434 3014 518 3078 mihi
534 3026 624 3091 sunt,
643 3028 676 3082 et
692 3028 807 3086 tantae
824 3022 941 3089 caedis
956 3023 1096 3110 imago:

207 3143 299 3188 nunc
315 3121 466 3185 animum
484 3119 591 3206 pietas
608 3136 830 3214 maternaque
848 3129 987 3193 nomina
1004 3129 1184 3216 frangunt.

207 3249 261 3290 me
279 3225 459 3291 miseram!
485 3227 575 3291 male
591 3229 747 3304 vincetis,
765 3232 825 3297 sed
841 3232 980 3309 vincite,
998 3234 1143 3300 fratres:

206 3333 392 3396 dummodo
407 3353 495 3418 quae
512 3322 639 3399 dedero
655 3337 753 3401 vobis
770 3338 911 3414 solacia,
929 3360 1059 3426 vosque
1210 3367 1257 3424 5¹0

206 3438 280 3522 ipsa
296 3437 445 3524 sequar.'
492 3437 600 3516 Dixit,
620 3442 807 3528 dextraque
825 3463 946 3508 aversa
964 3444 1123 3510 trementi

206 3546 382 3608 funereum
399 3556 525 3610 torrem
543 3547 673 3612 medios
689 3548 835 3634 conjecit
851 3549 886 3613 in
903 3550 1017 3636 ignes.

205 3659 264 3714 aut
278 3649 384 3722 dedit,
404 3662 461 3716 aut
477 3652 569 3717 visus
586 3653 734 3739 gemitus
751 3663 802 3718 est
817 3654 875 3718 ille
892 3655 1030 3720 dedisse

204 3756 321 3840 stipes,
339 3768 377 3822 ut
392 3758 506 3823 invitis
523 3769 699 3842 correptus
716 3758 760 3821 ab
776 3757 915 3844 ignibus
933 3762 1026 3826 arsit.

249 3860 382 3928 Inscius
400 3874 499 3949 atque
517 3863 640 3926 absens
656 3863 796 3925 flamma
814 3862 1014 3952 Meleagros
1032 3869 1076 3933 ab
1093 3868 1154 3936 illa
1207 3900 1255 3956 515

202 3968 322 4044 uritur,
340 3978 374 4033 et
388 3967 500 4032 caecis
518 3967 636 4031 torreri
651 3967 786 4032 viscera
801 3969 901 4042 sentit
