2767 4467
119 272 159 329 11.
181 273 254 345 ωδ]
354 254 471 323 Perr'ls
494 257 541 339 os
555 255 611 321 the
640 254 806 324 Calestrirl
823 259 941 327 Roud.
1130 284 1170 333 21

115 451 238 517 obvius
254 451 304 517 ire
321 451 423 537 polis,
442 474 486 517 ne
501 462 534 517 te
551 452 636 521 citus
654 453 786 519 auferat
802 455 900 522 axis?
1138 491 1171 549 75

115 558 259 623 forsitan
276 570 310 623 et
326 560 423 623 lucos
439 557 510 622 illic
526 559 697 646 urbesque
714 562 857 627 deorum

116 664 293 749 concipias
311 664 440 740 animo,
459 665 670 753 delubraque
687 667 770 731 ditia
786 668 887 735 donis

116 770 214 836 esse?
240 792 302 856 per
318 771 460 837 insidias
476 771 539 835 iter
555 783 605 837 est
621 772 816 861 formasque
832 776 995 843 ferarum.

114 886 219 962 utque
236 876 328 941 viam
347 888 477 953 teneas,
497 878 659 964 nulloque
676 900 789 945 errore
805 884 965 958 traharis,

115 1003 176 1066 per
192 992 309 1047 tamen
328 983 462 1048 adversi
478 984 646 1071 gradieris
664 1006 793 1051 cornua
809 986 933 1066 Tauri,
1136 1010 1172 1067 80

116 1092 399 1179 Haemoniosque
416 1114 527 1169 arcus,
546 1092 753 1179 violentique
770 1115 829 1160 ora
846 1094 989 1175 Leonis,

115 1220 289 1286 saevaque
306 1198 449 1265 circuitu
464 1210 666 1263 curvantem
682 1199 826 1264 brachia
841 1201 946 1289 longo

114 1304 299 1390 Scorpion,
319 1315 418 1391 atque
435 1306 539 1389 aliter,
548 1316 748 1370 curvantem
765 1306 906 1373 brachia
923 1306 1110 1377 Cancrum.

31 1420 33 1423 ’
113 1398 180 1477 ηεό
195 1412 256 1476 tibi
273 1412 513 1499 quadrupedes
531 1411 705 1479 animosos
721 1412 859 1500 ignibus
875 1414 956 1492 illis,
976 1489 981 1497 ¹

113 1540 200 1605 quos
217 1517 252 1581 in
269 1528 406 1603 pectore
424 1519 563 1595 habent,
581 1540 667 1604 quos
683 1540 742 1585 ore
759 1530 793 1585 et
803 1520 948 1587 ‘naribus
964 1524 1093 1601 efflant,
1133 1544 1167 1614 85

112 1624 149 1689 in
166 1636 325 1709 promptu
343 1645 463 1711 regere
475 1635 552 1711 vest:
576 1625 635 1689 vix
652 1646 706 1691 me
724 1626 910 1710 patiuntur,
927 1629 986 1694 ubi
1003 1651 1099 1697 acres

112 1730 288 1817 incaluere
305 1730 424 1804 animi,
443 1731 626 1817 cervixque
644 1743 815 1821 repugnat
831 1733 987 1803 habenis.

159 1834 232 1901 ‘At
247 1846 297 1913 tu,
316 1836 440 1903 funesti
456 1858 499 1901 ue
516 1837 579 1903 sim
597 1837 657 1903 tibi
674 1839 824 1905 muneris
841 1851 970 1929 auctor,

111 1953 205 2018 uate,
223 1963 323 2018 cave,
341 1944 423 2009 dum
439 1964 561 2029 resque
578 1943 669 2020 sinit,
687 1955 747 2009 tua
766 1946 899 2033 corrige
915 1958 1006 2013 vota.

112 2048 243 2115 scilicet
258 2060 295 2114 ut
311 2061 426 2114 nostro
443 2050 598 2137 genitum
614 2062 646 2115 te
663 2050 833 2138 sanguine
850 2053 984 2129 credas,
1131 2091 1167 2145 90

110 2155 259 2243 pignora
275 2167 368 2220 certa
384 2156 491 2241 petis:
516 2157 559 2222 do
576 2158 722 2245 pignora
740 2169 832 2224 certa
849 2159 1014 2237 timendo,

111 2273 144 2327 et
159 2262 269 2347 patrio
285 2272 384 2349 pater
399 2283 475 2327 esse
493 2275 583 2327 metu
601 2265 737 2348 probor.
788 2264 918 2350 Aspice
933 2266 1047 2332 vultus

112 2389 193 2434 ecce
210 2390 326 2434 meos:
351 2368 550 2456 utinamque
567 2370 685 2435 oculos
702 2370 737 2434 in
755 2383 893 2456 pectora
910 2394 1029 2459 posses

110 2474 274 2551 inserere,
293 2486 327 2541 et
343 2476 470 2560 patrias
486 2476 577 2541 intus
594 2476 807 2563 deprendere
824 2476 946 2544 curasl

95 2581 259 2668 'denique
276 2581 442 2667 quicquid
458 2583 560 2650 habet
576 2583 672 2648 dives
687 2582 947 2670 (circumspice)
962 2585 1124 2663 mundus,

110 2707 197 2773 eque
213 2697 262 2751 tot
279 2707 321 2752 ac
337 2687 438 2753 tantis
455 2688 542 2753 caeli
559 2698 738 2774 terraeque
756 2689 928 2774 marisque

109 2814 213 2879 posce
229 2793 330 2859 bonis
347 2794 497 2881 aliquid:
523 2794 654 2859 nullam
671 2793 800 2879 patiere
817 2795 1002 2880 repulsam.

108 2902 278 2988 deprecor
294 2904 360 2969 hoc
376 2926 495 2979 unum,
514 2904 607 2991 quod
623 2925 705 2969 vero
722 2902 860 2970 nomine
877 2923 1003 2989 poena,

108 3030 176 3073 non
195 3010 305 3075 honor
321 3022 392 3075 est:
410 3033 571 3098 poenam,
590 3010 783 3086 Phaethon,
799 3032 860 3095 pro
878 3031 1020 3075 munere
1033 3012 1158 3099 poscis.

107 3115 190 3199 quid
207 3110 285 3179 inea
302 3117 391 3182 colla
407 3130 502 3183 tenes
517 3117 665 3193 blandis,
685 3118 820 3204 ignare,
838 3114 997 3181 lacertis?
1112 3150 1161 3188 100

106 3241 150 3285 ne
167 3221 297 3297 dubita,
317 3222 657 3311 dabitur—Stygias
676 3224 867 3311 juravimus
883 3220 1071 3287 undasl-

105 3328 348 3415 quodcumque
365 3329 512 3413 optaris:
537 3330 598 3395 sed
614 3341 650 3395 tu
666 3329 852 3414 sapientius
868 3329 972 3414 opta.'

149 3433 303 3498 Finierat
321 3435 488 3509 monitus;
514 3435 611 3501 dictis
627 3448 742 3501 tamen
759 3435 816 3499 ille
832 3446 1016 3523 repugnat,

103 3539 385 3627 propositumque
402 3540 537 3624 premit,
555 3541 747 3628 flagratque
764 3541 924 3625 cupidine
941 3561 1074 3605 currus.

102 3665 188 3731 ergo
205 3666 275 3732 qua
292 3645 399 3721 licuit,
419 3647 552 3733 genitor
569 3657 759 3720 cunctatus,
778 3647 823 3711 ad
839 3648 924 3711 altos
1108 3674 1157 3733 105

102 3751 243 3817 deducit
254 3752 433 3838 juvenem,
452 3752 624 3817 Vulcania
641 3772 797 3827 munera,
817 3772 948 3816 currus.

101 3878 229 3923 aureus
247 3857 324 3921 axis
341 3869 427 3933 erat,
446 3870 535 3923 temo
553 3881 689 3934 aureus,
709 3878 814 3922 aurea
831 3877 988 3922 summae

101 3975 289 4030 curvatura
305 3973 412 4041 rotae,
430 3964 602 4030 radiorum
619 3974 803 4050 argenteus
819 3963 915 4027 ordo.
