2767 4467
153 265 198 319 xl.
211 263 264 335 58.]
424 244 495 313 Tre
525 243 703 312 stractus
726 243 917 314 Maenadrs.
1125 257 1187 330 105

151 441 246 508 noctis
263 463 361 508 avem
378 452 524 509 cernunt
533 465 544 519 ς
568 452 764 530 structaque
779 440 949 528 utrimque
965 439 1098 507 theatro
1155 467 1188 526 25

150 571 205 614 ceu
220 549 382 614 matutina
399 570 524 614 cervus
539 547 710 634 periturus
727 568 832 613 arena

149 656 265 740 praeda
280 676 407 720 canum
425 666 490 731 est,
508 665 690 740 vatemque
707 665 836 740 petunt,
856 664 889 719 et
905 653 1025 720 fronde
1041 651 1189 720 virentes

148 761 307 827 coniciunt
321 762 475 849 thyrsos,
494 781 564 827 non
580 761 668 825 haec
684 760 720 825 in
737 780 882 825 munera
898 741 1018 826 factos.

148 868 206 930 hae
220 867 353 954 glebas,
371 853 455 932 illae
471 866 622 953 direptos
639 866 761 932 arbore
778 887 907 941 ramos,

146 995 218 1058 pars
232 984 389 1060 torquent
404 973 530 1039 silices.
581 971 790 1038 Neu-desint
805 972 874 1037 tela
890 970 1009 1048 furori,
1157 1003 1192 1058 ³0

146 1079 221 1144 forte
236 1081 339 1145 boves
356 1101 479 1165 presso
495 1079 702 1165 subigebant
717 1099 856 1143 vomere
872 1087 1020 1152 terram3

145 1205 203 1249 nec
216 1186 332 1271 procul
350 1173 449 1263 hinc,
468 1186 574 1251 multo
592 1183 739 1249 fructum
756 1184 881 1250 sudore
897 1193 1073 1269 parantes,

145 1291 222 1356 dura
236 1291 399 1359 lacertosi
416 1290 591 1357 fodiebant
606 1311 689 1356 arva
705 1288 829 1356 coloni.

144 1397 273 1483 agmine
289 1398 348 1485 qui
365 1397 444 1463 viso
460 1396 609 1485 fugiunt,
627 1395 809 1484 operisque
825 1395 1021 1484 relinquunt

144 1523 231 1568 arma
245 1505 320 1580 sui3
345 1524 547 1590 vacuosque
561 1500 679 1592 jacent
693 1502 848 1588 dispersa
864 1523 927 1588 per
943 1523 1046 1591 agros
1156 1531 1190 1590 ³5

143 1611 338 1698 sarculaque
355 1610 528 1697 rastrique
544 1629 671 1697 graves
686 1608 851 1697 longique
868 1597 1015 1696 ligones.

142 1738 222 1802 quae
237 1729 424 1806 postquam
441 1737 587 1802 rapuere
603 1715 712 1792 ferae,
731 1735 906 1802 cornuque
925 1715 1078 1784 minaces

143 1822 296 1890 divellere
312 1826 438 1900 boves,
457 1824 502 1889 ad
517 1822 605 1889 vatis
622 1823 692 1888 sata
708 1832 899 1898 recurrunt,

141 1930 402 2018 tendentemque
419 1950 543 1995 manus
559 1939 662 2016 atque
677 1928 737 1995 illo
753 1940 906 2015 tempore
922 1928 1071 2015 primum

142 2032 226 2101 irrita
241 2037 432 2112 dicentem,
449 2056 515 2102 nec
530 2036 714 2122 quicquam
731 2055 817 2102 voce
833 2046 1040 2112 moventem,
1155 2065 1192 2120 40

142 2143 325 2232 sacrilegae
342 2142 539 2230 perimunt3
563 2163 762 2230 perquem,
779 2163 843 2227 pro
854 2141 1033 2230 Juppiterl
1057 2142 1155 2220 illud,

143 2249 287 2315 auditum
303 2250 403 2318 saxis
418 2249 698 2336 intellectumque
714 2249 865 2316 serarum

142 2357 305 2434 sensibus,
323 2357 361 2422 in
378 2367 500 2422 ventos
515 2356 632 2422 anima
648 2356 810 2423 exhalata
827 2357 978 2425 recessit.

181 2461 233 2528 Te
250 2474 406 2530 maestae
421 2464 592 2539 volucres,
612 2462 770 2550 Orphea,
788 2475 821 2532 te
838 2466 937 2531 turba
953 2465 1118 2542 serarum,

141 2579 171 2634 te
186 2570 285 2660 rigidi
302 2573 434 2647 silices,
451 2582 485 2638 te
503 2571 656 2637 carmina
672 2591 777 2658 saepe
794 2560 931 2640 secutae
1157 2602 1192 2660 45

140 2676 303 2746 fleverunt
320 2681 451 2756 silvae3
477 2681 595 2768 positis
611 2692 644 2747 te
660 2679 838 2747 frondibus
855 2683 954 2749 arbos

139 2794 234 2852 tonsa
250 2810 388 2855 comam
405 2788 512 2864 luxit3
536 2788 688 2855 lacrimis
704 2810 840 2877 quoque
856 2789 999 2856 flumina
1014 2787 1132 2856 dicunt

140 2889 325 2961 increvisse
342 2896 427 2972 suis,
445 2895 671 2983 obstrusaque
688 2897 832 2962 carbasa
850 2898 945 2984 pullo

141 3001 258 3067 naides
275 3013 310 3068 et
326 3002 478 3089 dryades
493 3024 682 3091 passosque
700 3004 852 3070 habuere
869 3005 1025 3090 capillos.

141 3109 294 3174 membra
308 3109 424 3197 jacent
440 3108 574 3176 diversa
591 3110 698 3176 locis:
726 3121 843 3198 caput,
862 3110 994 3188 Hebre‚
1012 3113 1192 3200 lyramque

142 3213 292 3299 excipis3
318 3226 364 3291 et,
382 3214 527 3280 miruml
552 3217 666 3282 medio
683 3217 765 3283 dum
783 3219 907 3285 labitur
923 3240 1038 3296 amne,

140 3316 251 3385 flebile
268 3321 386 3386 nescio
401 3321 485 3408 quid
499 3323 651 3408 queritur
666 3324 756 3410 lyra,
773 3323 887 3391 flebile
903 3325 1024 3412 lingua

142 3437 332 3492 murmurat
347 3426 530 3504 exanimis,
548 3429 758 3514 respondent
772 3430 887 3497 flebile
903 3433 1012 3517 ripae.

138 3527 279 3618 jamque
296 3553 391 3598 mare
406 3532 561 3599 invectae
576 3533 706 3599 flumen
723 3538 889 3622 populare
906 3536 1114 3626 relinquunt,

142 3646 175 3700 et
189 3635 462 3724 Methymnaeae
478 3639 652 3724 potiuntur
667 3639 764 3706 litore
781 3641 899 3728 Lesbi.
1161 3674 1193 3732 55

142 3741 198 3806 hic
213 3743 307 3808 serus
323 3745 517 3829 expositum
533 3745 725 3834 peregrinis
742 3749 867 3836 anguis
884 3746 998 3815 arenis

143 3868 180 3911 os
196 3847 282 3932 petit
294 3860 329 3913 et
343 3870 481 3934 sparsos
497 3850 636 3915 stillanti
652 3871 730 3916 rore
746 3853 902 3938 capillos.

142 3953 283 4019 tandem
297 3953 461 4022 Phoebus
476 3955 584 4033 adest,
602 3977 804 4040 morsusque
820 3956 945 4018 inferre
962 3968 1141 4038 parantem

1206 2323 1231 2356 l
