2767 4467
8 3868 10 3943 l

8 3968 9 4023 l

8 238 9 243 γ
58 305 62 312 “
122 303 298 376 lv.10‚86]
396 283 468 350 Tae
489 284 602 350 Poet's
623 283 937 372 Autobrbgraphyr
1113 279 1174 347 181

8 550 9 567 ¹
122 486 311 552 Successor
329 481 393 547 fuit
409 481 467 546 hic
482 480 555 558 tibi,
575 481 698 556 Galle;
723 480 920 566 Propertius
936 478 1007 552 illi;

166 592 320 679 Qartus
338 591 382 655 ab
401 590 453 654 his
469 590 557 654 serie
574 588 736 673 temporis
752 586 827 672 ipse
844 586 904 650 sui.

119 701 235 789 thue
251 723 319 789 ego
337 697 496 785 majores,
517 695 567 761 sic
584 717 639 759 me
656 695 794 760 coluere
811 694 972 769 minores,
1144 723 1175 780 55

166 806 328 893 Notaque
345 825 414 868 non
433 800 528 864 tarde
546 798 636 864 sacta
653 798 781 862 Thalia
798 818 875 862 mea
893 808 961 892 est.¹

119 911 287 978 Carmina
303 934 381 978 cum
398 910 547 998 primum
564 907 692 994 populo
706 905 873 994 juvenilia
890 904 974 993 legi,

166 1019 283 1086 Barba
299 1031 430 1085 resecta
448 1016 530 1082 mihi
547 1015 644 1080 bisve
660 1014 812 1080 semelve
829 1013 903 1079 suit.

120 1124 282 1192 Moverat
296 1125 474 1214 ingenium
491 1135 597 1190 totam
615 1134 751 1188 cantata
768 1144 831 1210 per
847 1122 980 1189 Urbem

166 1232 318 1299 Nomine
334 1255 403 1299 nou
419 1254 502 1298 vero
518 1231 611 1297 dicta
628 1229 781 1296 Corinna
799 1229 896 1294 mihi.
1141 1249 1177 1304 60

119 1339 235 1405 Multa
250 1340 390 1427 quidem
405 1339 548 1426 scripsi3
575 1338 637 1404 sed
653 1359 743 1424 quae
760 1336 881 1404 vitiosa
897 1337 1028 1426 putavi,

164 1447 406 1512 Emendaturis
421 1447 561 1535 ignibus
578 1445 652 1532 ipse
669 1444 766 1511 dedi.
989 1445 1173 1534 [cremavi‚

118 1553 223 1618 Tunc
259 1575 409 1640 quoque,
453 1575 532 1619 cum
572 1553 744 1641 sugerem,
784 1552 957 1640 quaedam
1005 1541 1174 1640 placitura

164 1659 275 1725 Iratus
291 1660 403 1724 studio
419 1658 698 1746 carminibusque
716 1658 815 1724 meis.

8 1796 9 1799 ¹
118 1765 229 1832 Molle
246 1765 449 1852 Cupidineis
466 1788 531 1832 nec
547 1766 820 1854 inexpugnabile
837 1765 913 1833 telis
1139 1785 1173 1854 65

163 1872 235 1940 Cor
250 1872 347 1949 mihi,
366 1874 525 1960 quodque
541 1873 626 1938 levis
642 1894 749 1938 causa
767 1884 931 1950 moveret,
950 1884 1035 1940 erat.

120 1979 210 2046 Cum
227 1990 342 2045 tamen
359 1979 416 2044 hic
432 2001 557 2056 essem,
576 1980 787 2067 minimoque
805 1981 1015 2048 accenderer
1030 1981 1127 2070 igne,

162 2085 313 2152 Nomine
330 2086 395 2151 sub
411 2097 526 2152 nostro
542 2086 660 2153 sabula
677 2088 772 2153 nulla
790 2087 865 2154 luit.

120 2192 237 2258 Paene
254 2193 336 2257 mihi
353 2214 460 2279 puero
476 2214 542 2258 nec
558 2193 666 2281 digna
682 2216 749 2260 nec
764 2195 856 2261 utilis
873 2217 962 2262 uxor

161 2299 224 2365 Est
239 2300 331 2377 data,
350 2321 439 2387 quae
455 2312 591 2384 tempus
607 2302 788 2386 perbreve
805 2313 912 2389 nupta
929 2293 1001 2369 luit
1139 2333 1174 2388 70

118 2404 172 2470 llli
188 2406 364 2482 successit,
383 2406 540 2493 quamvis
557 2407 631 2472 sine
648 2407 791 2474 crimine
809 2409 975 2496 conjunx,

161 2510 242 2578 Non
259 2523 374 2577 tamen
390 2513 426 2576 in
441 2524 558 2578 nostro
573 2514 673 2579 firma
689 2514 804 2579 sutura
819 2527 906 2581 toro.

117 2618 259 2696 Ultima,
276 2641 365 2706 quae
382 2640 517 2684 mecum
534 2641 628 2687 seros
644 2621 834 2708 permansit
849 2622 885 2686 in
902 2643 1025 2701 annos,

160 2725 329 2791 Sustinuit
345 2727 496 2814 conjunx
512 2728 642 2792 exsulis
660 2749 736 2794 esse
752 2728 829 2793 viri.

115 2830 204 2896 Filia
223 2854 277 2897 me
293 2854 370 2898 mea
386 2833 439 2898 bis
455 2835 567 2919 prima
583 2834 733 2901 secunda
746 2835 903 2923 juventa,
1137 2867 1170 2926 75

159 2937 231 3004 Sed
248 2961 317 3004 non
334 2961 378 3004 ex
393 2961 463 3004 uno
480 2940 642 3029 conjuge,
661 2942 742 3008 lecit
757 2963 882 3018 avum3

114 3043 158 3109 Et
169 3045 243 3133 jam
261 3047 449 3131 complerat
464 3046 600 3134 genitor
616 3069 680 3113 sua
698 3048 780 3124 sata,
799 3072 992 3138 novemque

158 3148 351 3217 Addiderat
367 3151 481 3218 lustris
498 3154 605 3218 altera
623 3155 730 3220 lustra
746 3179 884 3222 novem.

112 3256 193 3321 Non
211 3257 309 3322 aliter
323 3257 416 3334 flevi,
435 3280 540 3346 quam
560 3283 617 3326 me
632 3261 773 3328 fleturus
790 3264 988 3351 ademptum

157 3362 220 3429 Ille
237 3363 310 3428 fuit.
360 3363 467 3430 Matri
487 3369 645 3453 proxima
657 3370 749 3458 justa
766 3371 839 3435 tuli.

112 3467 247 3536 Felices
263 3472 365 3538 ambo
384 3479 655 3564 tempestiveque
672 3477 809 3564 sepulti,

155 3573 246 3642 Ante
264 3578 357 3644 diem
375 3603 509 3666 poenae
526 3585 617 3670 quod
634 3585 766 3669 periere
784 3584 904 3651 meae!

111 3680 172 3746 Me
187 3705 323 3773 quoque
341 3690 491 3768 felicem,
508 3693 601 3780 quod
618 3715 687 3758 non
703 3681 895 3766 viventibus
911 3693 980 3759 illis

155 3788 241 3855 Sum
259 3796 378 3872 miser,
397 3809 431 3863 et
447 3799 490 3863 de
507 3801 670 3885 mequod
687 3801 827 3865 doluere
844 3801 943 3865 nihil.

110 3896 148 3963 Si
164 3909 279 3969 tamen
299 3905 474 3971 exstinctis
492 3906 671 3992 aliquid
638 3907 703 3972 ursi
721 3908 860 3973 nomina
876 3918 992 3984 restat,
1131 3927 1165 3994 ὃς

153 4009 197 4074 Et
213 4010 355 4100 gracilis
371 4021 516 4077 structos
532 4011 654 4099 effugit
668 4012 791 4078 umbra
808 4035 933 4100 rog0s3
