2767 4467
137 323 190 377 111.
212 323 326 394 15,14]
447 307 632 373 Forewcll
651 314 686 371 to
709 303 765 370 the
787 302 914 368 Looes.
974 383 976 390 Ι
1133 297 1198 383 169

133 505 210 570 Nec
225 513 341 566 tamen
359 501 493 589 ignavo
509 509 712 587 stupuerunt
727 499 832 563 verba
850 495 986 581 palato:

178 609 353 678 Clamavit
371 609 525 673 moriens
542 608 662 694 lingua
683 605 852 680 Corinna,
870 601 972 667 vale!

134 719 235 785 Colle
252 719 314 783 sub
331 714 453 802 Elysio
470 714 572 801 nigra
588 734 711 778 nemus
728 712 804 776 ilice
821 711 968 786 frondet,

179 825 330 912 Udaque
347 832 515 910 perpetuo
533 821 691 908 gramine
709 832 799 884 terra
816 821 912 885 viret.
1164 851 1198 907 50

135 931 247 1018 Siqua
262 931 348 996 fides
364 930 492 1003 dubiis,
512 929 690 992 volucrum
708 928 805 992 locus
822 928 880 992 ille
897 928 1030 1013 piarum

181 1037 329 1114 Dicitur,
347 1038 520 1103 obscenae
538 1057 606 1122 quo
623 1035 848 1120 prohibentur
864 1055 967 1100 aves:
1082 1103 1084 1108 ,

136 1145 215 1210 Illic
231 1145 368 1210 innocui
384 1147 454 1210 late
470 1155 659 1231 pascuntur
676 1144 801 1219 olores,

182 1252 228 1317 Et
243 1253 347 1317 vivax
363 1252 527 1337 phoenix,
547 1251 650 1316 unica
668 1272 805 1338 semper
823 1250 917 1326 avis3

135 1358 302 1444 Explicat
316 1357 392 1444 ipsa
409 1379 491 1423 suas
508 1358 581 1423 ales
593 1358 745 1444 Junonia
763 1357 900 1444 pinnas,
1164 1387 1196 1444 55

183 1464 313 1530 Oscula
329 1465 388 1529 dat
404 1465 531 1550 cupido
547 1465 677 1530 blanda
695 1465 854 1530 columba
873 1464 968 1529 mari.

134 1570 308 1637 Psittacus
324 1572 388 1636 has
403 1572 494 1636 inter
507 1572 674 1636 nemorali
693 1571 776 1636 sede
793 1581 950 1657 receptus

182 1676 360 1744 Convertit
375 1678 535 1742 volucres
551 1678 587 1741 in
605 1698 668 1741 sua
684 1678 792 1741 verba
808 1677 896 1763 pias.

137 1783 227 1848 Ossa
243 1784 329 1871 tegit
344 1784 510 1859 tumulus,
529 1784 681 1848 tumulus
699 1804 762 1868 pro
779 1802 923 1868 corpore
938 1804 1102 1871 magnus,

184 1888 264 1976 Qu
282 1890 370 1975 lapis
387 1890 537 1977 exiguus
554 1912 617 1975 par
634 1888 701 1954 sibi
715 1909 858 1954 carmen
876 1889 1000 1955 habet=
1160 1905 1196 1958 60

145 1995 303 2081 Colligor
318 2018 361 2060 ex
377 1999 452 2083 ipso
469 1997 631 2060 dommac
639 1997 817 2083 placuisse
831 1995 1034 2083 sepulchro:

186 2099 266 2195 Oro
265 2103 381 2187 fuere
396 2103 487 2167 mihi
492 2102 580 2191 plus
596 2124 661 2166 ove
675 2104 777 2167 docta
793 2102 901 2188 loqui.

311 2443 344 2508 3.
370 2423 556 2490 Farewell
574 2432 609 2490 to
632 2423 690 2490 tte
713 2423 828 2489 Looes
855 2422 921 2512 (iii.
942 2422 1019 2509 15).

219 2636 393 2703 UAERE
404 2659 532 2702 novum
542 2645 873 2713 vatem‚tenerorum
885 2645 992 2700 mater
1002 2632 1170 2700 Amorum
1185 2633 1193 2698 l

266 2744 417 2808 Raditur
433 2744 490 2807 hic
506 2743 616 2830 elegis
632 2743 752 2807 ultima
769 2752 859 2807 meta
877 2741 982 2808 meis:

139 2848 237 2934 Quos
254 2873 322 2938 ego
338 2849 531 2935 composui,
550 2847 687 2936 Peligni
704 2848 792 2913 ruris
809 2847 987 2925 alumnus;

182 2955 261 3021 Nec
278 2978 332 3021 me
350 2955 496 3033 deliciae
513 2955 707 3019 dedecuere
724 2973 835 3018 meae.

140 3061 262 3148 Siquid
278 3064 312 3127 id
329 3074 393 3138 est,
412 3083 521 3149 usque
539 3083 559 3126 a
576 3061 714 3147 proavis
730 3072 827 3126 vetus
844 3062 972 3127 ordinis
989 3062 1102 3136 hereS,
1178 3093 1192 3150 5

182 3167 265 3234 Non
282 3170 385 3234 modo
402 3168 542 3232 militiae
560 3167 695 3232 turbine
712 3167 823 3231 factus
840 3188 955 3253 eques,

139 3273 285 3339 Mantua
300 3274 460 3362 Vergilio
477 3276 627 3362 gaudet3
651 3273 793 3338 Verona
809 3271 968 3338 Catullo:

182 3380 350 3468 Pelignae
368 3382 464 3446 dicar
480 3382 592 3470 gloria
608 3381 721 3469 gentis
739 3401 817 3466 ego,

142 3485 256 3570 Quam
274 3508 337 3552 sua
355 3488 495 3554 libertas
514 3491 558 3555 ad
576 3491 720 3553 honesta
737 3491 898 3574 coegerat
913 3507 1023 3561 arma,

183 3592 271 3658 Cum
290 3594 402 3660 timuit
418 3597 528 3664 socias
546 3597 652 3662 anxia
668 3595 784 3660 Roma
802 3615 934 3658 manus.
1163 3625 1194 3664 ιο

138 3697 252 3786 Atque
271 3702 394 3792 aliquis
412 3716 572 3790 spectans
589 3705 716 3787 hospes
733 3699 907 3766 Sulmonis
924 3699 1043 3785 aquosi

183 3807 342 3883 Moenia,
360 3833 449 3897 quae
466 3809 580 3893 campi
593 3809 717 3896 jugera
736 3828 846 3891 pauca
862 3817 989 3881 tenent,

142 3912 266 3997 ‘Quae
285 3915 436 3980 tantum'
453 3915 545 3980 dicet
563 3912 741 3998 ‘potuistis
757 3913 845 3977 serre
862 3925 1011 3997 poetam,

185 4020 517 4107 Quantulacumque
535 4018 630 4090 estis,
648 4038 710 4078 vos
727 4037 793 4100 ego
811 4037 939 4101 magna
956 4018 1065 4080 voc0.'
