2767 4467
217 307 280 380 132
527 297 598 364 The
628 298 784 386 Talaos
803 299 963 365 Galatea.
1119 302 1267 389 [Murem

215 506 395 562 senserunt
410 497 535 562 undae.
585 497 742 564 Latitans
758 521 825 586 ego
842 521 939 585 rupe,
958 497 1095 587 meique

214 604 335 668 Acidis
350 603 386 666 in
402 604 535 690 gremio
552 605 717 680 residens,
737 606 855 690 procul
873 606 1011 670 auribus
1029 605 1129 673 hausi

213 711 295 774 talia
312 709 401 774 dicta
418 710 516 785 meis,
534 711 716 797 auditaque
734 722 847 776 mente
864 711 1000 774 notavi:
1083 747 1088 756 ·

259 815 474 881 ‘Candidior
490 815 570 881 solio
587 817 691 890 nivei,
710 814 869 892 Galatea,
886 816 1036 904 ligustri,

213 921 364 987 floridior
380 922 497 1007 pratis,
515 923 621 1009 longa
637 922 811 1007 procerior
828 923 919 997 alno,

214 1028 424 1112 splendidior
439 1027 537 1102 vitro,
556 1038 672 1093 tenero
688 1027 849 1092 lascivior
864 1029 989 1106 haedo,

212 1133 321 1198 levior
335 1134 479 1199 adsiduo
494 1134 623 1198 detritis
641 1155 788 1220 aequore
805 1135 958 1213 conchis,

212 1240 341 1306 solibus
358 1240 522 1316 hibernis,
541 1240 671 1305 aestiva
687 1240 816 1328 gratior
832 1243 966 1319 umbra,

211 1347 358 1412 nobilior
366 1341 489 1433 pomis,
500 1348 640 1432 platano
656 1347 870 1433 conspectior
885 1350 966 1426 alta,

211 1453 356 1517 lucidior
371 1455 497 1540 glacie,
516 1465 650 1517 matura
666 1454 798 1518 dulcior
814 1476 895 1532 uva,

211 1558 345 1624 mollior
361 1570 394 1623 et
409 1558 514 1646 cygni
530 1559 656 1643 plumis
673 1571 706 1624 et
722 1560 810 1624 lacte
826 1573 957 1640 coacto,

210 1677 256 1743 et,
273 1666 302 1730 si
319 1686 387 1731 non
404 1664 530 1751 fugias,
549 1664 648 1751 riguo
664 1665 844 1732 formosior
859 1669 955 1736 horto
968 1693 976 1734 r
988 1706 1035 1718 -

210 1772 343 1838 saevior
359 1770 531 1836 indomitis
548 1772 669 1836 eadem
687 1770 835 1838 Galatea
846 1773 1016 1863 juvencis,

210 1879 326 1944 durior
341 1900 471 1944 annosa
488 1900 629 1967 quercu,
649 1879 803 1945 fallacior
818 1881 933 1958 undis,

208 1986 331 2050 lentior
346 1996 379 2049 et
394 1985 508 2051 salicis
524 1985 632 2072 virgis
649 1997 684 2050 et
699 1986 823 2052 vitibus
839 1988 939 2064 albis,

208 2093 262 2156 his
279 2091 484 2157 immobilior
501 2093 664 2178 scopulis,
682 2093 862 2160 violentior
877 2116 993 2170 arnne,

207 2197 346 2263 laudato
362 2218 497 2283 pavone
514 2199 704 2283 superbior,
724 2200 835 2266 acrior
849 2200 936 2288 igni,

209 2305 361 2390 asperior
376 2305 521 2381 tribulis,
539 2306 629 2372 soeta
645 2307 866 2372 truculentior
881 2328 973 2383 ursa,

207 2413 341 2479 surdior
358 2414 575 2502 aequoribus,
594 2413 726 2478 calcato
743 2413 904 2478 immitior
920 2415 1044 2501 hydro,

207 2531 241 2586 et
259 2522 367 2610 (quod
385 2523 570 2609 praecipue
586 2522 710 2586 vellem
728 2521 786 2586 tibi
803 2521 942 2587 demere
958 2521 1113 2610 possem)
1205 2539 1253 2610 305

206 2651 277 2695 non
292 2642 422 2695 tantum
440 2651 541 2695 cervo
557 2628 659 2693 claris
676 2627 853 2692 latratibus
871 2639 960 2704 acto,

206 2758 325 2801 verum
342 2737 445 2801 etiam
460 2736 571 2802 ventis
586 2734 785 2821 volucrique
802 2734 958 2824 fugacior
974 2756 1056 2800 aura
1069 2734 1077 2798 l

252 2856 262 2885 ‘
278 2844 337 2920 At,
354 2846 443 2910 bene
459 2845 487 2910 si
505 2843 610 2920 noris,
628 2843 747 2930 pigeat
761 2841 912 2930 fugisse3
938 2863 1120 2929 morasque

206 2951 281 3037 ipsa
297 2962 373 3017 tuas
389 2951 545 3025 damnes,
564 2959 598 3014 et
614 2971 668 3014 me
686 2948 830 3014 retinere
846 2950 994 3014 labores.

206 3071 284 3125 sunt
301 3058 397 3133 mihi,
415 3079 495 3144 pars
513 3058 647 3134 montis,
665 3057 745 3123 vivo
761 3057 944 3144 pendentia
961 3078 1046 3126 saxo
1204 3077 1253 3132 310

206 3177 315 3241 antra,
333 3165 457 3252 quibus
473 3185 537 3229 nec
553 3164 604 3230 sol
622 3163 734 3230 medio
752 3163 893 3229 sentitur
909 3164 945 3228 in
962 3176 1071 3240 aestu,

205 3292 271 3336 nec
287 3271 427 3337 sentitur
442 3271 598 3356 hiemps;
622 3281 702 3334 sunt
717 3289 819 3354 poma
836 3270 1016 3356 gravantia
1033 3291 1170 3346 ramos3

181 3378 185 3384 ⁴
205 3387 283 3442 sunt
298 3398 382 3442 auro
397 3377 526 3442 similes
542 3376 656 3463 longis
672 3375 709 3440 in
724 3374 848 3440 vitibus
863 3397 972 3452 uvae3

204 3494 331 3550 suntet
346 3503 559 3567 purpureae:
583 3481 641 3546 tibi
658 3492 692 3546 et
708 3481 770 3545 has
787 3503 978 3558 servamus,
997 3493 1029 3548 et
1044 3483 1134 3549 illae.

203 3587 278 3670 ipsa
294 3584 360 3648 tuis
376 3584 533 3648 manibus
549 3583 694 3648 silvestri
710 3594 790 3646 nata
807 3584 871 3648 sub
886 3585 1009 3649 umbra
1203 3602 1232 3656 81
1237 3613 1250 3670 ς

203 3689 319 3760 mollia
336 3688 434 3777 fraga
451 3691 559 3777 leges,
575 3688 650 3774 ipsa
668 3689 879 3753 autumnalia
895 3711 1013 3767 corna,

125 3869 130 3876 .
202 3816 393 3881 prunaque,
411 3817 481 3861 non
497 3796 608 3861 solum
624 3794 725 3882 nigro
742 3794 881 3860 liventia
898 3817 994 3872 suco,

165 3960 168 3966 r
201 3900 440 3965 verumetiam
457 3921 625 3988 generosa
642 3921 819 3986 novasque
836 3900 1003 3966 imitantia
1020 3923 1132 3968 ceras.

202 4027 267 4071 nec
282 4005 343 4070 tibi
359 4015 540 4071 castaneae
557 4026 612 4070 me
629 4005 789 4093 conjuge,
807 4026 873 4070 nec
887 4006 947 4072 tibi
964 4006 1108 4073 deerunt
