2767 4467
172 270 219 365 46
450 271 599 339 Perseus
622 272 696 339 and
714 271 954 343 Andromeda.
992 334 996 343 .
1082 290 1225 363 [Mareu.

173 479 320 557 occupat
335 490 508 548 aversum,
526 492 594 537 neu
611 491 715 537 saeva
729 479 923 559 retorqueat
937 491 1012 548 ora,

172 578 400 666 squamigeris
417 578 535 643 avidos
551 578 625 665 figit
641 578 831 644 cervicibus
847 598 1004 665 ungues:

172 686 222 749 sic
238 686 329 750 celer
345 682 498 749 immisso
514 704 682 770 praeceps
698 704 760 769 per
776 684 879 749 inane
897 684 1012 749 volatu

170 804 269 878 terga
286 790 378 856 serae
395 790 530 876 pressit,
549 790 737 877 dextroque
754 789 929 855 frementis
944 789 985 855 in¹
997 812 1093 858 armo

84 932 92 947 ·
171 896 355 962 Inachides
370 897 496 962 serrum
514 917 620 962 curvo
635 908 736 961 tenus
751 895 882 961 abdidit
897 896 1014 963 hamo.
1169 929 1222 983 7²0

168 1005 310 1070 vulnere
327 1004 422 1069 laesa
438 1002 549 1091 gravi,
568 1002 670 1068 modo
686 1022 724 1068 sc
740 1001 896 1068 sublimis
910 1003 946 1067 in
963 1024 1065 1070 auras

170 1109 301 1186 attollit,
320 1110 422 1175 modo
438 1109 552 1174 subdit
567 1108 677 1195 aquis,
696 1109 799 1173 modo
815 1130 909 1175 more
924 1109 1047 1176 serocis

168 1226 282 1281 versat
298 1216 386 1301 apri,
402 1236 505 1303 quem
522 1216 621 1280 turba
637 1235 764 1280 canum
781 1216 996 1283 circumsona
1011 1228 1124 1285 terret.
1229 1265 1232 1276 .

168 1322 226 1389 ille
244 1322 362 1388 avidos
379 1342 512 1387 morsus
523 1320 704 1387 uelocibus
720 1320 841 1410 effugit
855 1323 941 1398 alis3

168 1450 305 1516 quaque
321 1438 450 1513 patent,
468 1447 561 1492 nunc
576 1438 674 1515 terga
690 1428 785 1495 cavis
800 1451 904 1515 super
918 1430 1028 1497 obsita
1044 1431 1200 1509 conchis,
1231 1459 1234 1465 ¹

168 1556 260 1601 nunc
277 1536 421 1600 laterum
437 1544 564 1609 costas,
582 1554 675 1601 nunc
691 1555 759 1621 qua
774 1536 974 1603 tenuissima
990 1538 1102 1603 cauda

168 1641 292 1707 desinit
306 1640 341 1706 in
358 1640 502 1726 piscem,
520 1638 645 1705 falcato
660 1641 818 1707 verberat
832 1663 928 1709 ense.

167 1749 269 1814 belua
286 1749 432 1834 puniceo
449 1746 572 1811 mixtos
588 1766 667 1811 cum
684 1748 854 1835 sanguine
869 1748 992 1816 fluctus

167 1876 226 1921 ore
243 1854 367 1921 vomit:
393 1853 555 1919 maduere
572 1874 698 1939 graves
713 1855 897 1942 aspergine
912 1876 1060 1941 pennae.

212 1960 290 2026 Nec
305 1960 430 2026 bibulis
447 1960 534 2023 ultra
550 1958 698 2025 Perseus
714 1962 879 2027 talaribus
895 1982 999 2028 ausus
1164 1995 1218 2051 730

168 2068 321 2142 credere,
340 2064 518 2151 conspexit
533 2066 725 2151 scopulum,
743 2067 802 2153 qui
817 2068 943 2134 vertice
958 2090 1094 2136 summo

168 2173 334 2241 stantibus
351 2183 461 2237 exstat
478 2171 588 2259 aquis,
606 2171 757 2258 operitur
772 2175 818 2238 ab
833 2194 982 2261 aequore
998 2188 1097 2243 moto.

167 2282 270 2345 nixus
287 2300 341 2354 eo,
359 2278 520 2365 rupisque
536 2291 657 2345 tenens
669 2278 756 2367 juga
772 2280 896 2365 prima,
913 2280 1049 2348 sinistra

168 2399 218 2453 ter
234 2394 354 2474 quater
370 2385 486 2471 exegit
503 2385 644 2469 repetita
659 2407 722 2471 per
737 2386 796 2450 ilia
812 2386 952 2451 ferrum.

167 2493 265 2559 litora
283 2512 361 2558 cum
378 2492 500 2576 pla'usu
518 2490 648 2557 clamor
664 2495 1033 2579 superasquedeorum

167 2600 351 2687 implevere
369 2599 501 2666 domos.
550 2596 724 2674 Gaudent,
742 2600 978 2687 generumque
994 2603 1154 2680 salutant,
1235 2644 1239 2653 ·

168 2709 404 2796 auxiliumque
420 2707 542 2771 domus
559 2716 835 2793 servatoremque
852 2706 999 2773 fatentur

167 2816 335 2902 Cassiope
352 2813 583 2900 Cepheusque
599 2823 708 2896 pater.
757 2812 924 2879 Resoluta
940 2816 1073 2881 catenis

166 2924 299 2989 incedit
310 2922 421 3010 virgo,
440 2918 653 3005 pretiumque
670 2929 705 2983 et
719 2939 825 2985 causa
842 2919 980 2985 laboris.

213 3029 291 3114 Ipse
309 3050 431 3093 manus
448 3028 570 3093 hausta
586 3024 743 3091 victrices
760 3026 865 3091 abluit
879 3027 995 3093 undat
1164 3058 1218 3113 740

166 3135 452 3223 anguiferumque
469 3145 572 3220 caput
587 3134 673 3199 dura
689 3154 734 3199 ne
750 3133 863 3199 laedat
877 3154 997 3211 arana,

167 3242 275 3308 mollit
291 3243 434 3307 humum
451 3241 553 3318 soliis,
572 3252 739 3327 natasque
755 3238 819 3304 sub
835 3260 983 3326 aequore
999 3240 1116 3329 virgas

167 3349 298 3425 sternit,
316 3360 349 3415 et
365 3349 508 3435 imponit
523 3348 762 3436 Phorcynidos
778 3368 839 3414 ora
855 3346 1038 3413 Medusae.

166 3456 265 3544 virga
282 3478 402 3523 recens
419 3456 603 3542 bibulaque
620 3456 806 3521 etiamnum
822 3454 902 3520 viva
918 3456 1070 3521 medulla

166 3566 235 3630 vim
253 3564 364 3650 rapuit
380 3562 535 3637 monstri,
553 3573 712 3649 tactuque
728 3562 878 3629 induruit
894 3564 1009 3651 hujus,

168 3671 386 3756 percepitque
403 3690 530 3734 novum
547 3667 651 3731 ramis
668 3678 702 3732 et
718 3667 836 3733 fronde
853 3670 1018 3757 rigorem.

167 3789 202 3840 at
218 3774 334 3863 pelagi
350 3774 525 3861 nymphae
541 3772 668 3836 sactum
686 3772 840 3837 mirabile
856 3787 1023 3862 temptant

167 3882 321 3968 pluribus
337 3880 372 3944 in
388 3879 508 3965 virgis,
527 3887 560 3941 et
575 3875 666 3942 idem
683 3876 882 3964 contingere
899 3883 1065 3967 gaudent,

167 3987 367 4075 seminaque
384 4007 429 4051 ex
445 3983 512 4049 illis
528 3984 650 4047 iterant
661 3980 789 4069 jactata
806 4004 868 4068 per
883 3988 1007 4053 undas.
