2767 4467
136 276 187 329 vu·
203 276 278 347 213.]
328 257 405 325 She
429 258 538 324 boasts
560 256 702 344 Dorseff
714 258 821 323 above
841 256 998 324 Latona.
1134 252 1177 322 61

134 453 164 517 in
178 460 433 541 quamcumque
447 453 568 520 domus
585 452 720 519 adverti·
731 451 862 518 lumina
877 462 1025 538 partem,
1129 468 1177 522 180

134 560 311 625 immensae
326 570 528 647 spectantur
543 582 639 645 opes.
686 558 835 625 Accedit
849 558 973 623 eodem

134 667 228 753 digna
244 668 315 731 dea
324 666 447 733 facies.
496 665 575 731 Huc
591 676 688 731 natas
705 664 805 730 adice
821 675 954 748 septem

29 796 30 801 ¹
133 783 164 836 et
175 771 308 837 totidem
322 772 484 861 juvenes,
503 783 536 837 et
552 793 632 836 mox
649 790 866 859 generosque
881 791 1068 858 nurusque.

96 888 114 923 '=
133 877 272 964 quaerite
289 900 399 954 nunc,
416 878 542 943 habeat
556 898 660 964 quam
676 886 793 941 nostra
807 876 969 963 superbia
986 875 1150 943 causaml

82 1026 85 1031 -
133 984 239 1049 nescio
254 1002 394 1071 quoque
410 985 536 1051 audete
552 994 662 1049 satam
678 981 851 1060 Titanida.
859 982 956 1049 Coeo
1126 1002 1176 1069 ¹8⁵

133 1086 291 1155 Latonam
309 1090 486 1176 praeferre
503 1089 598 1164 mihi,
614 1088 670 1153 cui
686 1088 841 1153 maxima
854 1088 1031 1175 qnondam

108 1213 111 1219 ’
133 1196 286 1283 exiguam
296 1198 427 1264 sedem·
441 1196 612 1283 pariturae
629 1202 721 1260 terra
735 1194 891 1282 negavit.

132 1322 190 1366 nec
204 1303 313 1377 caelo,
327 1324 398 1369 nec
414 1304 537 1377 humo,
547 1321 614 1390 nec
630 1300 728 1387 aquis
745 1301 811 1370 dea
818 1312 934 1389 uestra
950 1311 1087 1389 recepta
1104 1310 1175 1376 est3

132 1407 222 1472 exsul
238 1420 309 1474 erat
325 1408 462 1484 mundi,
481 1408 592 1474 donec
608 1406 770 1473 miserata
784 1419 982 1495 vagantem,

131 1512 275 1602 Hospita
291 1524 330 1581 tu
346 1516 459 1581 terris
473 1535 586 1590 arros,
604 1534 667 1601 ego
687 1512 810 1602 (dixit)
828 1514 865 1579 in
882 1515 1004 1593 uodr's,·
1128 1544 1177 1601 ιφ

131 1618 388 1710 instabilemque
405 1622 521 1689 luctam
538 1619 645 1687 Delos
661 1620 767 1687 dedit.
816 1620 881 1686 Illa
896 1622 1042 1687 duorum

132 1724 215 1792 sacta
231 1749 379 1814 parensz
405 1726 492 1793 uteri
509 1747 590 1811 pars
605 1727 695 1792 haec
709 1736 762 1791 est
776 1727 922 1811 septima
938 1724 1056 1791 nostri.

173 1844 181 1873 ‘
194 1832 278 1899 Sum
295 1834 382 1899 felix
394 1856 404 1896 r
416 1834 497 1920 quis
509 1832 600 1899 enim
617 1845 723 1920 neget
737 1832 826 1899 hoc?
841 1832 992 1918 felixque
1010 1817 1178 1926 manebus

131 1940 191 2004 hoc
206 1962 342 2027 quoque
358 1940 438 2028 quis
455 1938 607 2005 dubitet?
631 1950 737 2005 tutam
752 1961 809 2004 me
826 1939 924 2025 copia
941 1938 1033 2004 fecit.

92 2046 96 2051 ’
132 2043 233 2134 major
248 2069 339 2123 sum,
358 2068 465 2133 quam
482 2046 536 2112 cui
554 2048 659 2133 possit
675 2046 828 2112 Fortuna
844 2041 989 2111 nocere:
1130 2072 1178 2130 195

131 2153 296 2239 multaque
313 2164 352 2219 ut
368 2149 503 2239 eripiat,
521 2152 628 2218 multo
645 2152 728 2217 mihi
746 2153 844 2238 plura
860 2135 1041 2238 relinquet.

132 2279 305 2327 excessere
323 2271 454 2325 metum
471 2280 548 2325 mea
562 2259 634 2346 jam
651 2258 754 2323 bona.
800 2257 936 2345 Fingite
954 2256 1044 2323 demi

119 2364 206 2430 ·huic
221 2366 353 2455 aliquid
371 2366 498 2451 populo
514 2378 671 2432 natorum
688 2385 789 2450 posse
803 2384 982 2455 meprumr
1003 2430 1008 2437 ,

132 2492 198 2535 nun
212 2483 325 2539 tamen
345 2474 391 2539 ad
408 2456 587 2539 numerum
605 2471 746 2559 redigar
761 2470 906 2563 spoliata
922 2470 1083 2545 duorum,

120 2570 282 2644 'Latonae
297 2580 457 2645 turbam-r
485 2598 575 2665 quae
589 2589 757 2665 quantum
773 2564 935 2645 distat'ab
950 2573 1056 2639 orba?
1128 2604 1179 2644 που

130 2683 184 2760 ita,
203 2686 354 2775 satisque
370 2705 542 2771 superque
557 2683 662 2757 sacri,
673 2683 885 2767 laurumque
901 2678 1035 2763 capillis

130 2792 267 2878 ponite.’
311 2794 517 2878 Deponunt,
533 2790 729 2874 infectaque
745 2807 843 2852 sacra
859 2785 1066 2871 relinquunt,

129 2900 286 2986 quodque
302 2901 399 2975 lisele
415 2898 519 2965 tacito
533 2906 741 2964 venerantur
758 2912 931 2959 murmure
948 2913 1088 2956 numen.

145 3026 147 3033 ’
173 3004 361 3095 Indignata
375 2986 442 3073 dea
457 3015 530 3079 est3
553 3020 758 3087 summoque
773 2999 952 3065 invertice
968 2996 1099 3083 Cynthi

129 3112 251 3177 talibus
267 3124 322 3179 est
337 3113 436 3179 dictis
452 3110 592 3199 gemina
606 3106 804 3191 eumprole·
816 3105 952 3170 locutas
1113 3132 1180 3189 1205

132 3217 206 3295 ‘En
222 3240 292 3307 ego
309 3228 422 3287 vestra
439 3238 577 3303 parens,
595 3214 693 3281 vobis
709 3213 866 3278 animosa
882 3208 1020 3285 creatis,

131 3334 174 3398 et,
192 3325 258 3389 nisi
271 3324 422 3411 Juuoui‚·
433 3323 520 3389 nulli
537 3332 676 3415 'cessura
692 3320 882 3394 dearum‚.·.

132 3450 174 3493 an
191 3431 257 3497 dea
274 3430 354 3506 sim,
372 3430 530 3505 dubitor-3
553 3450 682 3515 perque
699 3425 814 3497 omnia
831 3422 973 3494 saecula
988 3419 1088 3487 cultis

99 3564 101 3569 ·
132 3524 267 3613 arceor)
281 3537 314 3602 O
330 3535 425 3611 nari„
435 3535 500 3603 nisi
515 3556 577 3600 vos
593 3532 802 3607 succurritis,
812 3531 902 3597 aris.
984 3564 987 3569 ·

132 3663 195 3706 nec
211 3642 310 3707 dolor
326 3643 388 3709 hic.
399 3642 513 3707 solusr
537 3640 612 3705 diro
628 3638 784 3705 convicia
801 3637 892 3704 sacto
965 3725 968 3730 Α
1134 3662 1185 3700 210

132 3746 290 3813 Tantalis
306 3748 446 3836 adjecit,
463 3766 595 3831 vosque
609 3756 661 3809 est
676 3753 883 3829 postponere
891 3737 989 3805 *uatis

96 3903 100 3913 .
134 3873 217 3918 ausa
234 3854 318 3931 suis,
336 3864 456 3927 erne,
474 3852 566 3937 quod
582 3850 617 3914 in
633 3850 745 3934 ipsam
756 3847 906 3918 recidat,
923 3844 1043 3907 orbam

35 4004 39 4013 ·
134 3958 231 4036 dixit,
250 3969 283 4025 et
298 3956 455 4029 exhibuit
470 3956 628 4041 linguam
644 3953 813 4018 scelerata
828 3945 1032 4031 paternam!
