2767 4467
168 286 231 334 112
490 263 562 332 The
590 263 709 350 Chr'ess
731 273 770 330 at
799 263 905 350 Troy.
1075 283 1216 353 [Marma.

166 463 276 530 attulit
291 463 327 528 in
343 462 502 550 patriam,
521 462 787 551 conjurataeque
804 472 991 548 sequuntur

166 572 259 636 mille
275 582 378 646 rates,
396 570 576 658 gentisque
593 568 694 634 simul
711 589 893 634 commune
910 566 1094 656 Pelasgae.

165 699 230 743 nec
246 678 350 743 dilata
367 676 452 742 foret
466 676 629 751 vindicta,
648 674 713 740 nisi
731 695 880 761 aequora
897 673 993 739 saevi

164 784 258 850 invia
271 783 431 849 fecissent
446 782 550 858 venti,
570 781 767 868 Boeotaque
784 780 884 846 tellus

165 890 293 956 Aulide
309 889 445 976 piscosa
462 909 596 974 puppes
612 888 776 954 tenuisset
791 886 910 954 ituras.
1188 926 1240 968 10,

212 998 281 1064 Hic
297 997 406 1084 patrio
423 998 466 1064 de
483 1018 576 1063 more
588 995 667 1084 Jovi
683 1017 762 1060 curn
781 1017 880 1062 sacra
896 1011 1088 1085 parassent,

165 1116 204 1172 ut
218 1117 316 1171 vetus
333 1104 488 1170 accensis
503 1103 680 1169 incanduit
696 1102 835 1190 ignibus
853 1127 926 1182 ara,

167 1233 304 1303 serpere
322 1210 519 1276 caeruleum
536 1210 652 1274 Danai
669 1209 784 1276 videre
802 1211 1001 1278 draconem·

167 1318 202 1382 in
219 1319 410 1404 platanum,
429 1316 558 1401 coeptis
574 1337 665 1402 quae
682 1317 793 1382 stabat
810 1318 966 1403 proxima
983 1321 1103 1386 sacris.

167 1424 268 1489 nidus
284 1434 358 1488 erat
372 1424 550 1488 volucrum
567 1422 621 1487 bis
637 1434 796 1510 quattuor
812 1426 934 1492 arbore
951 1449 1099 1503 summa,
1188 1456 1217 1514 15

166 1551 253 1617 quas
269 1529 371 1596 simul
388 1539 421 1593 et
437 1538 579 1593 matrem
597 1529 726 1595 circum
744 1551 805 1596 sua
822 1532 949 1597 damna
964 1534 1136 1621 volantem

168 1637 330 1723 corripuit
347 1657 501 1722 serpens,
521 1636 691 1724 avidaque
710 1638 925 1704 abscondidit
941 1640 1030 1705 alvo.

167 1745 373 1831 obstupuere
388 1765 521 1810 omnes.
569 1743 618 1810 At
635 1743 705 1810 veri
721 1745 883 1831 providus
900 1767 1013 1834 augur

167 1851 392 1917 Thestorides
409 1851 639 1917 ‘Vincemus'
655 1851 714 1927 ait,
735 1852 919 1939 ‘gaudete,
937 1851 1098 1942 Pelasgi:

167 1958 274 2048 Troja
291 1959 412 2034 cadet3
437 1959 498 2024 sed
514 1959 577 2024 erit
592 1957 697 2024 nostri
715 1980 811 2024 mora
827 1959 932 2047 longa
949 1960 1075 2026 laboris
1086 1961 1118 2036 3'
1187 1994 1220 2032 20

168 2078 270 2153 atque
287 2087 411 2132 novem
428 2066 585 2132 volucres
601 2063 636 2128 in
652 2064 735 2130 belli
752 2065 877 2154 digerit
894 2087 1014 2132 annos.

168 2174 240 2250 ille,
257 2185 295 2238 ut
311 2185 395 2251 erat,
413 2172 540 2238 virides
556 2171 737 2258 amplexus
753 2171 788 2237 in
806 2173 927 2239 arbore
944 2195 1057 2240 ramos

167 2281 205 2347 fit
220 2282 323 2368 lapis,
341 2294 374 2348 et
389 2292 529 2367 superat
545 2278 710 2365 serpentis
728 2279 879 2366 imagine
896 2301 1032 2345 saxum.

214 2387 400 2455 Permanet
414 2387 538 2454 Aoniis
554 2385 690 2451 Nereus
706 2384 875 2452 violentus
892 2387 928 2451 in
943 2388 1057 2464 undiS,

167 2495 328 2582 bellaque
345 2519 414 2562 non
431 2478 610 2567 transfert3
635 2502 669 2558 et
684 2502 776 2568 sunt,
794 2492 852 2579 qui
869 2514 1010 2579 parcere
1026 2494 1155 2585 Trojae
1187 2523 1220 2582 25

170 2602 371 2689 Neptunum
389 2605 543 2679 credant,
561 2602 643 2690 quia
661 2602 796 2667 moenia
813 2602 940 2666 fecerat
955 2603 1042 2667 urbi.

170 2722 204 2775 at
220 2732 289 2776 non
305 2709 550 2777 Thestorides:
577 2729 642 2775 nec
658 2707 751 2773 enim
768 2707 918 2774 nescitve
936 2719 1079 2786 tacetve,

169 2815 340 2903 sanguine
356 2817 511 2903 virgineo
528 2815 735 2901 placandam
753 2813 897 2902 virginis
913 2815 1000 2880 iram

169 2943 245 2987 esse
262 2923 360 2988 deae.
409 2920 595 3008 Postquam
612 2923 772 3009 pietatem
790 2921 928 3007 publica
944 2943 1061 2998 causa,

104 3020 107 3024 ’
169 3048 299 3114 rexque
315 3037 446 3113 patrem
463 3029 556 3104 vicit,
574 3041 775 3116 castumque
793 3019 914 3093 datura
930 3049 1086 3094 cruorem
1189 3061 1223 3114 30

168 3133 328 3199 flentibus
345 3145 424 3199 ante
440 3155 535 3199 aram
553 3136 642 3200 stetit
658 3134 844 3223 Iphigenia
862 3133 1036 3210 ministris,

169 3241 259 3306 victa
275 3241 340 3306 dea
357 3251 420 3316 est,
439 3241 632 3327 nubemque
648 3241 758 3306 oculis
774 3241 911 3330 objecit,
930 3252 964 3305 et
979 3240 1067 3305 inter

109 3419 113 3422 ,
169 3348 318 3413 officium
334 3348 537 3434 turbamque
554 3347 643 3412 sacri
660 3368 831 3435 vocesque
848 3358 1050 3434 precantum

170 3454 345 3538 subposita
362 3453 466 3518 fertur
482 3465 632 3518 mutasse
649 3453 839 3539 Mycenida
857 3475 971 3520 cerva.

171 3582 254 3647 ergo
271 3560 343 3636 ubi,
361 3581 429 3645 qua
445 3558 571 3635 decuit,
589 3559 694 3624 lenita
710 3572 761 3624 est
778 3562 884 3626 caede
902 3561 1030 3636 Diana,
1191 3593 1222 3646 3,-

170 3676 204 3730 et
219 3666 345 3752 pariter
361 3660 531 3740 Phoebes,
550 3665 676 3751 pariter
693 3665 798 3740 maris
814 3667 864 3732 ira
882 3667 1041 3743 recessit3

170 3770 342 3857 accipiunt
357 3782 476 3837 ventos
493 3793 513 3835 a
529 3783 627 3858 tergo
644 3772 737 3836 mille
755 3775 905 3850 carinae,

171 3879 345 3963 multaque
362 3898 546 3962 perpessae
561 3877 718 3966 Phrygia
735 3879 908 3965 potiuntur
924 3901 1040 3946 arena.

216 3983 310 4049 Orbe
326 3983 423 4048 locus
439 3982 553 4049 medio
569 3994 620 4049 est
634 3983 722 4049 inter
737 3995 911 4074 terrasque
929 3988 1121 4076 fretumque
