2767 4467
186 284 228 354 14
364 282 390 329 1.
407 346 411 355 ¹
431 262 502 331 The
530 262 694 331 Creatr'on
718 266 793 331 and
812 264 869 331 the
890 263 1018 331 Flood.
1094 279 1278 353 [Mssau‘

183 460 356 527 intremuit
372 472 534 548 motuque
549 460 624 528 vias
640 446 800 549 pateseeit
816 462 997 549 aquarum.

184 568 357 655 expatiata
373 580 477 633 ruunt
493 590 554 654 per
570 582 705 655 apertos
722 569 865 635 flumina
881 591 1036 656 campos,
1186 588 1237 655 285

185 695 332 762 cumque
349 674 430 741 satis
448 675 587 740 arbusta
604 675 706 740 simul
723 675 943 762 pecudesque
961 675 1120 763 virosque

184 792 354 868 tectaque,
374 802 522 867 cumque
540 780 609 847 suis
626 782 763 867 rapiunt
778 781 967 867 penetralia
983 781 1102 847 sacris.

185 889 283 975 siqua
300 888 422 953 domus
440 887 576 963 mansit,
596 887 771 975 potuitque
787 888 943 953 resistere
960 899 1053 954 tanto

185 993 354 1081 indejecta
372 994 475 1070 mala,
495 994 633 1059 culmen
649 1005 766 1059 tamen
782 994 881 1060 altior
897 994 999 1082 hujus

185 1100 278 1165 unda
294 1101 391 1189 tegit,
409 1121 617 1187 pressaeque
633 1100 743 1165 latent
755 1101 819 1165 sub
836 1101 973 1189 gurgite
989 1112 1110 1167 turres.
1187 1133 1241 1189 ²90

226 1206 373 1295 Jamque
391 1228 484 1273 mare
501 1215 535 1272 et
548 1206 649 1272 tellus
666 1208 800 1272 nullum
815 1206 999 1272 discrimen
1017 1206 1213 1273 habebant:

185 1312 302 1378 omnia
319 1323 443 1400 pontus
459 1322 551 1390 erat3
576 1312 719 1379 deerant
734 1334 872 1400 quoque
887 1311 986 1378 litora
1002 1324 1119 1398 ponto.

186 1429 333 1505 occupat
349 1420 405 1484 hic
421 1418 565 1493 collem;
590 1419 717 1504 cymba
732 1420 829 1484 sedet
844 1420 930 1483 alter
946 1418 1094 1494 adunca,

187 1535 221 1591 et
236 1524 327 1591 ducit
344 1546 456 1591 remos
472 1524 557 1600 illic,
574 1524 632 1590 ubi
648 1545 760 1609 nuper
775 1535 909 1599 ararat3

186 1631 245 1697 ille
262 1653 365 1718 super
380 1642 515 1720 segetes
532 1642 590 1696 aut
605 1651 739 1696 mersae
756 1631 907 1696 culmina
924 1631 1027 1697 villae
1187 1660 1240 1718 ²95

187 1737 349 1827 navigat;
374 1738 431 1803 hic
446 1757 581 1803 summa
598 1736 728 1823 piscem
744 1736 925 1822 deprendit
942 1736 976 1801 in
993 1737 1099 1802 ulmo.

187 1844 303 1933 figitur
319 1844 353 1910 in
370 1844 483 1920 viridi,
501 1844 530 1910 si
546 1844 616 1909 sors
631 1843 720 1919 tulit,
738 1844 889 1909 anchora
906 1854 1016 1930 prato,

188 1961 246 2017 aut
262 1951 414 2041 subjecta
429 1962 542 2016 terunt
557 1971 683 2016 curvae
700 1949 814 2015 vineta
831 1950 982 2015 carinae.

188 2068 233 2133 et,
252 2058 353 2123 modo
369 2077 436 2144 qua
453 2057 601 2145 graciles
617 2078 762 2144 gramen
779 2076 940 2141 carpsere
956 2056 1125 2142 capellae,

187 2185 281 2230 nunc
295 2164 342 2229 ibi
358 2163 529 2231 deformes
546 2174 677 2251 ponunt
692 2184 755 2229 sua
771 2184 915 2249 corpora
932 2164 1078 2249 phocae.
1189 2193 1242 2249 300

187 2270 354 2344 mirantur
369 2272 433 2336 sub
450 2291 540 2357 aqua
556 2271 653 2336 lucos
668 2270 839 2357 urbesque
855 2270 1045 2357 domosque

188 2375 379 2452 Nereides3
404 2376 576 2464 silvasque
591 2387 708 2442 tenent
723 2376 918 2463 delphines,
937 2389 970 2444 et
985 2378 1063 2443 altis

187 2482 364 2548 incursant
378 2482 495 2558 ramis,
515 2482 711 2570 agitataque
728 2483 851 2549 robora
868 2483 1015 2568 pulsant.

188 2594 251 2654 nat'
263 2590 364 2674 lupus
379 2588 468 2655 inter
484 2609 579 2665 oves,
597 2588 709 2655 fulvos
726 2588 820 2654 vehit
834 2590 928 2656 unda
944 2592 1075 2668 leones,

187 2697 282 2761 unda
297 2696 390 2761 vehit
405 2696 531 2783 tigres3
557 2716 623 2762 nec
638 2696 729 2762 vires
745 2696 898 2763 fulminis
914 2718 1011 2783 apro,
1188 2725 1240 2782 305

189 2822 290 2871 crura
305 2822 371 2867 nec
386 2802 499 2867 ablato
516 2812 657 2887 prosunt
671 2802 806 2868 velocia
823 2824 939 2870 cervo.

188 2907 419 2995 quaesitisque
436 2908 493 2973 diu
509 2908 620 2983 terris,
639 2908 698 2975 ubi
714 2908 834 2975 sistere
851 2909 961 2986 detur,

188 3016 224 3080 in
243 3036 335 3080 mare
352 3014 486 3081 lassatis
502 3014 651 3081 volucris
667 3035 760 3103 vaga
776 3015 903 3083 decidit
917 3014 994 3084 alis.

188 3122 348 3190 obruerat
363 3122 512 3187 tumulos
527 3122 698 3188 immensa
714 3123 852 3188 licentia
870 3123 977 3209 ponti,

189 3228 437 3315 pulsabantque
453 3228 532 3293 novi
550 3240 713 3295 montana
730 3230 911 3295 cacumina
926 3228 1060 3294 fluctus.
1190 3224 1243 3313 ³310

188 3334 340 3401 maxima
357 3355 437 3420 pars
453 3335 546 3402 unda
563 3336 715 3421 rapitur3
740 3336 865 3423 quibus
880 3336 974 3401 unda
991 3333 1157 3421 pepercit,

185 3438 265 3507 illos
281 3441 386 3529 longa
404 3442 546 3507 domant
562 3442 656 3527 inopi
669 3442 803 3531 jejunia
819 3442 925 3509 victu.

234 3546 382 3635 Separat
397 3547 529 3617 Aonios
546 3548 686 3615 Oetaeis
702 3547 829 3614 Phocis
846 3550 889 3614 ab
905 3546 1008 3623 arvis,

188 3664 279 3720 terra
295 3654 405 3732 ferax,
425 3656 506 3722 dum
523 3667 613 3721 terra
630 3655 713 3720 luite
738 3655 800 3720 sed
816 3665 970 3739 tempore
986 3654 1021 3720 in
1037 3653 1097 3719 illo

189 3782 269 3847 pars
287 3762 391 3829 maris
409 3773 441 3827 et
457 3763 545 3827 latus
563 3761 752 3826 subitarum
770 3781 915 3847 campus
931 3780 1109 3848 aquarum.
1189 3744 1241 3845 ᾗς

190 3889 288 3933 mons
304 3867 351 3933 ibi
367 3867 550 3934 verticibus
565 3866 648 3952 petit
664 3866 793 3931 arduus
808 3876 899 3931 astra
915 3867 1061 3939 duobus,

189 3975 328 4041 nomine
345 3973 532 4048 Parnasus,
550 3981 782 4057 superantque
797 3972 978 4038 cacumina
994 3972 1114 4038 nubes.
1218 3966 1222 3977 “

1339 3330 1346 3350 ’
1370 3339 1371 3408 l

1369 3417 1372 3441 t

1370 3457 1372 3542 l

1370 3551 1372 3576 l

1370 3601 1372 3638 l
