2767 4467
176 290 222 382 84
450 340 455 347 -
475 290 512 359 T
504 288 547 357 he
574 287 792 379 Cabtdo'm'an
815 286 940 357 Huni(
1056 306 1062 313 ’
1082 308 1231 380 [Maras.

177 509 243 555 nec
258 508 376 555 morat
399 488 483 556 dum
499 488 619 565 saevit,
637 489 721 555 dum
737 508 882 575 corpora
896 495 1013 555 tre'rsat
1026 486 1065 555 in
1080 489 1215 567 orbem,

178 594 444 683 stridentemque
459 616 549 661 novo
565 615 725 680 spumam
742 615 821 663 cum
831 592 1149 681 &sanguinetundie
1213 628 1217 634 ·

176 700 327 767 vulneris
344 712 463 767 auctor
478 702 588 777 adest,
607 702 809 787 hostemque
824 699 933 766 irritat
949 700 993 765 ad
1009 699 1112 779 iram,

178 806 426 896 splendidaque
442 808 604 875 adversos
621 807 793 873 venabula
810 805 926 873 condit
940 805 977 872 in
993 826 1122 873 armos.

178 913 306 1003 gaudia
322 923 487 979 testantur
501 912 585 981 socii
601 913 754 981 clamore
769 911 935 988 secundo,
1107 943 1136 981 ,·
1176 945 1231 998 4²0

178 1018 419 1107 victricemque
436 1029 554 1105 petunt
569 1019 712 1087 dextrae
727 1018 939 1106 conjungere
954 1018 1128 1087 dextram.

178 1124 433 1213 immanemque
449 1125 559 1193 lerum
577 1124 683 1194 multa
699 1125 820 1191 tellure
831 1122 1006 1211 jacentem
1037 1158 1042 1163 ·
1063 1159 1068 1167 ι
1187 1184 1192 1193 .

179 1232 340 1298 mirantes
356 1241 531 1317 spectanta
556 1252 668 1319 neque
684 1231 800 1299 adhuc
814 1226 1017 1317 contingere
1032 1224 1143 1297 tutam

178 1358 254 1405 esse
271 1348 403 1424 putant,
421 1338 484 1405 sed
497 1337 565 1405 tela
580 1348 775 1403 tamen-sua
791 1334 940 1424 quisque
954 1347 1123 1411 cruentat.
1221 1390 1226 1397 .

177 1443 251 1530 ipse
267 1444 356 1530 pede
371 1442 529 1529 imposito
545 1452 648 1529 caput
663 1442 837 1512 exitiabile
852 1443 989 1529 pressit,
1106 1487 1109 1494 -
1177 1472 1230 1531 μς

178 1561 279 1638 atque
295 1550 342 1616 ita
354 1572 363 1613 ε
375 1608 378 1615 ,
389 1549 519 1615 ‘Sume
535 1549 603 1615 mei
620 1549 782 1635 spolium,
800 1547 991 1624 Nonacria,
1006 1548 1116 1637 juris'

177 1657 263 1724 dixit
280 1668 336 1724 ‘et
351 1656 385 1721 in
402 1667 540 1742 partern'
550 1655 665 1722 veniat
681 1676 761 1722 mea·
774 1653 1042 1749 gloriantecum!
1083 1690 1088 1695 Δ

177 1764 331 1851 protinus
348 1762 509 1839 exuuias,
519 1762 641 1852 rigidis
652 1762 829 1829 horrentia
844 1761 949 1833 saetis

176 1881 275 1963 terga
291 1870 362 1944 dat,
381 1880 414 1937 et
430 1869 566 1959 niagnis
583 1867 733 1957 insignia
748 1866 908 1957 dentibus
918 1888 998 1938 ora.

222 1976 277 2042 Illi
293 1976 442 2043 laetitiae
457 1988 509 2043 est
524 1997 606 2043 curn
620 1995 764 2044 munere
779 1974 930 2041 muueris
946 1985 1085 2051 auctor-3
1126 2008 1130 2019 .
1178 2008 1234 2061 430

176 2082 330 2149 invidere
347 2083 418 2159 alii,
436 2094 573 2171 totoque
584 2093 661 2149 erat
677 2080 818 2170 agmine
834 2102 1002 2150 murmur·
1096 2119 1099 2123 ·
1122 2093 1125 2101 '

177 2213 196 2258 e
212 2191 335 2278 quibus
351 2190 482 2280 ingenti
493 2191 677 2259 tendentes
692 2188 856 2256 bracchia
871 2209 973 2263 voce·
1043 2246 1047 2250 ,

178 2298 295 2365 ‘Pone
312 2318 393 2387 age,
411 2318 477 2363 nec
491 2297 605 2381 titulos¹
620 2295 799 2381 interoipe,
810 2295 960 2372 semina,
978 2294 1129 2363 nostros'

175 2396 386 2474 Thestiadae
402 2405 568 2479 clamant,-
588 2412 597 2446 ⁵
611 2410 725 2469 necte
741 2402 870 2471 fiducia
886 2401 1018 2470 formae
1097 2430 1100 2433 ⁴

176 2509 336 2597 decipiat,
355 2530 403 2576 ne
414 2510 459 2578 sit
473 2510 577 2597 longe
592 2507 652 2574 tibi
669 2519 789 2595 captus
804 2528 924 2575 amore
949 2547 951 2550 ·
1175 2537 1233 2595 435

177 2617 332 2685 auctor'r
357 2627 391 2683 et
406 2616 486 2683 huic
501 2615 656 2703 adimunt
672 2625 811 2691 munus,
823 2614 1048 2703 juernuneris
1064 2612 1127 2679 illi.

176 2744 245 2788 non
261 2724 347 2799 tulit,
366 2735 399 2790 et
413 2722 543 2789 tumida
559 2721 721 2787 frendens
738 2720 930 2789 Mavortius
945 2721 1010 2800 ira,
1087 2759 1091 2768 -

178 2840 187 2869 ‘
200 2828 345 2904 Discite,
361 2841 514 2913 raptores
528 2826 651 2893 alieni'
667 2826 754 2894 dixit
771 2828 945 2902 thonoris,

176 2934 266 2999 sacta
282 2932 384 2998 minis
400 2941 565 3019 quantum
581 2932 706 2998 distent
717 2934 745 3010 3'
762 2934 942 3020 hausitque
960 2932 1110 3001 nefando
1128 2964 1131 2970 ·

175 3051 314 3126 pectora
330 3038 504 3123 Plexippi,
522 3038 569 3103 nil
585 3039 652 3104 tale
669 3039 837 3115 timentia,
855 3039 957 3105 ferro.
1093 3075 1095 3080 ·
1175 3071 1230 3125 440

175 3144 310 3221 Toxea,
328 3144 409 3233 quid
427 3143 529 3209 saciat
544 3144 700 3221 dubium,
718 3146 911 3233 pariterque
925 3148 1099 3213 volentem

175 3251 294 3316 ulcisci
311 3251 449 3315 fratrem
466 3250 769 3338 fraternaque-fata
782 3252 973 3326 timentem,
1037 3282 1041 3287 ·
1060 3283 1064 3287 ·
1086 3278 1089 3283 ·
1109 3281 1112 3286 ⁴

176 3356 269 3422 haud
285 3356 410 3443 patitur
426 3356 582 3421 dubitare
598 3357 910 3445 diu,·calidurnque
925 3357 1030 3444 priori

176 3464 282 3529 caede
299 3462 473 3528 recalfecit
487 3462 633 3527 consorti
650 3463 821 3551 sanguine
837 3464 956 3529 telum.
1013 3490 1016 3497 ·

221 3568 322 3635 Dona
339 3568 606 3653 deumtemplis,
624 3579 705 3633 nato
720 3569 862 3645 victore,
880 3570 1022 3646 serebat,
1094 3628 1099 3633 .
1177 3600 1227 3658 445

175 3696 254 3740 cum
271 3675 363 3741 videt
379 3674 563 3741 exstinctos
578 3674 700 3739 tratres
713 3673 865 3739 Althaea
882 3676 1012 3741 referri.

176 3803 264 3868 quae
280 3783 447 3869 plangore
464 3780 543 3846 dato
560 3780 699 3845 maestis
714 3780 922 3845 clamoribus
939 3782 1061 3847 urbem

175 3886 307 3971 implet,
323 3898 359 3953 et
373 3886 500 3951 auratis
517 3885 658 3949 mutavit
673 3885 824 3949 vestibus
840 3897 944 3951 atras.
972 3894 976 3903 '

176 4002 210 4057 at
225 3991 326 4057 simul
342 4002 393 4058 est
409 4002 527 4081 auctor
543 3990 637 4057 necis
654 3990 779 4066 editus,
797 3990 926 4055 excidit
940 3992 1054 4059 omnis
