<?xml version="1.0" encoding="UTF-8"?>
<!DOCTYPE html PUBLIC "-//W3C//DTD XHTML 1.0 Transitional//EN"
    "http://www.w3.org/TR/xhtml1/DTD/xhtml1-transitional.dtd">
<html xmlns="http://www.w3.org/1999/xhtml" xml:lang="en" lang="en">
 <head>
  <title>
</title>
<meta http-equiv="Content-Type" content="text/html;charset=utf-8" />
  <meta name='ocr-system' content='tesseract 3.04.00' />
  <meta name='ocr-capabilities' content='ocr_page ocr_carea ocr_par ocr_line ocrx_word'/>
</head>
<body>
  <div class='ocr_page' id='page_1' title='image "./poemataquaedame01ovidgoog_0049.png"; bbox 0 0 2767 4467; ppageno 0'>
   <div class='ocr_carea' id='block_1_1' title="bbox 176 282 1235 373">
    <p class='ocr_par' dir='ltr' id='par_1_1' title="bbox 176 282 1235 373">
     <span class='ocr_line' id='line_1_1' title="bbox 176 282 1235 373; baseline -0.007 -18"><span class='ocrx_word' id='word_1_1' title='bbox 176 302 231 356; x_wconf 91' lang='lat'><em>111.</em></span> <span class='ocrx_word' id='word_1_2' title='bbox 246 301 305 372; x_wconf 73' lang='lat' dir='ltr'><strong>ss]</strong></span> <span class='ocrx_word' id='word_1_3' title='bbox 472 282 584 371; x_wconf 64' lang='lat' dir='ltr'><strong>Frjght</strong></span> <span class='ocrx_word' id='word_1_4' title='bbox 607 284 690 352; x_wconf 79' lang='lat' dir='ltr'><strong>welk</strong></span> <span class='ocrx_word' id='word_1_5' title='bbox 715 284 772 351; x_wconf 73' lang='lat' dir='ltr'><strong>the</strong></span> <span class='ocrx_word' id='word_1_6' title='bbox 794 283 960 373; x_wconf 75' lang='lat' dir='ltr'><strong>Dragon.</strong></span> <span class='ocrx_word' id='word_1_7' title='bbox 1191 298 1235 371; x_wconf 78' lang='lat'><strong>35</strong></span> 
     </span>
    </p>
   </div>
   <div class='ocr_carea' id='block_1_2' title="bbox 174 479 1236 1421">
    <p class='ocr_par' dir='ltr' id='par_1_2' title="bbox 174 479 1236 675">
     <span class='ocr_line' id='line_1_2' title="bbox 174 479 1236 569; baseline 0.005 -25"><span class='ocrx_word' id='word_1_8' title='bbox 174 492 210 545; x_wconf 93' lang='lat' dir='ltr'><strong>ut</strong></span> <span class='ocrx_word' id='word_1_9' title='bbox 225 502 352 545; x_wconf 88' lang='lat' dir='ltr'><strong>nemus</strong></span> <span class='ocrx_word' id='word_1_10' title='bbox 370 479 520 558; x_wconf 90' lang='lat' dir='ltr'><strong>intravit,</strong></span> <span class='ocrx_word' id='word_1_11' title='bbox 538 483 711 569; x_wconf 85' lang='lat' dir='ltr'><strong>letataque</strong></span> <span class='ocrx_word' id='word_1_12' title='bbox 726 502 871 569; x_wconf 86' lang='lat' dir='ltr'><strong>corpora</strong></span> <span class='ocrx_word' id='word_1_13' title='bbox 887 482 984 559; x_wconf 91' lang='lat' dir='ltr'><strong>vidit,</strong></span> <span class='ocrx_word' id='word_1_14' title='bbox 1201 511 1236 569; x_wconf 77' lang='lat'><strong>55</strong></span> 
     </span>
     <span class='ocr_line' id='line_1_3' title="bbox 174 588 1009 675; baseline 0.004 -23"><span class='ocrx_word' id='word_1_15' title='bbox 174 588 411 674; x_wconf 88' lang='lat' dir='ltr'><strong>victoremque</strong></span> <span class='ocrx_word' id='word_1_16' title='bbox 428 609 532 673; x_wconf 88' lang='lat' dir='ltr'><strong>supra</strong></span> <span class='ocrx_word' id='word_1_17' title='bbox 548 589 688 674; x_wconf 87' lang='lat' dir='ltr'><strong>spatiosi</strong></span> <span class='ocrx_word' id='word_1_18' title='bbox 706 589 860 675; x_wconf 89' lang='lat' dir='ltr'><strong>corporis</strong></span> <span class='ocrx_word' id='word_1_19' title='bbox 876 591 1009 655; x_wconf 88' lang='lat' dir='ltr'><strong>bostem</strong></span> 
     </span>
    </p>

    <p class='ocr_par' dir='ltr' id='par_1_3' title="bbox 174 694 1030 785">
     <span class='ocr_line' id='line_1_4' title="bbox 174 694 1030 785; baseline 0.002 -27"><span class='ocrx_word' id='word_1_20' title='bbox 174 694 279 759; x_wconf 89' lang='lat' dir='ltr'><strong>tristia</strong></span> <span class='ocrx_word' id='word_1_21' title='bbox 297 695 495 782; x_wconf 89' lang='lat' dir='ltr'><strong>sanguinea</strong></span> <span class='ocrx_word' id='word_1_22' title='bbox 512 695 721 761; x_wconf 88' lang='lat' dir='ltr'><strong>lambentem</strong></span> <span class='ocrx_word' id='word_1_23' title='bbox 737 696 882 761; x_wconf 89' lang='lat' dir='ltr'><strong>vulnera</strong></span> <span class='ocrx_word' id='word_1_24' title='bbox 896 694 1030 785; x_wconf 84' lang='lat' dir='ltr'><strong>lingua,</strong></span> 
     </span>
    </p>

    <p class='ocr_par' dir='ltr' id='par_1_4' title="bbox 176 799 1052 888">
     <span class='ocr_line' id='line_1_5' title="bbox 176 799 1052 888; baseline 0 -23"><span class='ocrx_word' id='word_1_25' title='bbox 176 799 269 866; x_wconf 85' lang='lat' dir='ltr'><strong>‘Aut</strong></span> <span class='ocrx_word' id='word_1_26' title='bbox 284 802 378 867; x_wconf 92' lang='lat' dir='ltr'><strong>ultor</strong></span> <span class='ocrx_word' id='word_1_27' title='bbox 394 812 542 875; x_wconf 87' lang='lat' dir='ltr'><strong>vestrae,</strong></span> <span class='ocrx_word' id='word_1_28' title='bbox 560 801 727 867; x_wconf 89' lang='lat' dir='ltr'><strong>fidissima</strong></span> <span class='ocrx_word' id='word_1_29' title='bbox 744 822 900 888; x_wconf 89' lang='lat' dir='ltr'><strong>corpora,</strong></span> <span class='ocrx_word' id='word_1_30' title='bbox 919 802 1052 878; x_wconf 88' lang='lat' dir='ltr'><strong>mortis,</strong></span> 
     </span>
    </p>

    <p class='ocr_par' dir='ltr' id='par_1_5' title="bbox 174 906 1235 1207">
     <span class='ocr_line' id='line_1_6' title="bbox 175 906 1177 995; baseline 0.003 -25"><span class='ocrx_word' id='word_1_31' title='bbox 175 917 232 971; x_wconf 91' lang='lat' dir='ltr'><strong>aut</strong></span> <span class='ocrx_word' id='word_1_32' title='bbox 247 907 390 973; x_wconf 90' lang='lat' dir='ltr'><strong>comes’</strong></span> <span class='ocrx_word' id='word_1_33' title='bbox 408 907 516 995; x_wconf 93' lang='lat' dir='ltr'><strong>inquit</strong></span> <span class='ocrx_word' id='word_1_34' title='bbox 534 907 641 973; x_wconf 78' lang='lat' dir='ltr'><strong>‘ero&#39;</strong></span> <span class='ocrx_word' id='word_1_35' title='bbox 674 907 785 987; x_wconf 84' lang='lat' dir='ltr'><strong>Dixit,</strong></span> <span class='ocrx_word' id='word_1_36' title='bbox 801 908 992 995; x_wconf 89' lang='lat' dir='ltr'><strong>dextraque</strong></span> <span class='ocrx_word' id='word_1_37' title='bbox 1009 906 1177 973; x_wconf 86' lang='lat' dir='ltr'><strong>molarem</strong></span> 
     </span>
     <span class='ocr_line' id='line_1_7' title="bbox 175 1012 1235 1103; baseline 0 -25"><span class='ocrx_word' id='word_1_38' title='bbox 175 1015 322 1091; x_wconf 84' lang='lat' dir='ltr'><strong>sustulit,</strong></span> <span class='ocrx_word' id='word_1_39' title='bbox 342 1026 378 1080; x_wconf 88' lang='lat' dir='ltr'><strong>et</strong></span> <span class='ocrx_word' id='word_1_40' title='bbox 394 1036 559 1103; x_wconf 89' lang='lat' dir='ltr'><strong>magnum</strong></span> <span class='ocrx_word' id='word_1_41' title='bbox 578 1034 707 1101; x_wconf 85' lang='lat' dir='ltr'><strong>magno</strong></span> <span class='ocrx_word' id='word_1_42' title='bbox 724 1014 905 1079; x_wconf 86' lang='lat' dir='ltr'><strong>conamine</strong></span> <span class='ocrx_word' id='word_1_43' title='bbox 923 1012 1024 1079; x_wconf 81' lang='lat' dir='ltr'><strong>misit</strong></span> <span class='ocrx_word' id='word_1_44' title='bbox 1197 1029 1235 1085; x_wconf 83' lang='lat'><strong>60</strong></span> 
     </span>
     <span class='ocr_line' id='line_1_8' title="bbox 174 1117 943 1207; baseline 0.003 -24"><span class='ocrx_word' id='word_1_45' title='bbox 174 1119 264 1185; x_wconf 92' lang='lat' dir='ltr'><strong>illius</strong></span> <span class='ocrx_word' id='word_1_46' title='bbox 281 1121 437 1207; x_wconf 91' lang='lat' dir='ltr'><strong>impulsu</strong></span> <span class='ocrx_word' id='word_1_47' title='bbox 454 1142 532 1186; x_wconf 94' lang='lat' dir='ltr'><strong>cum</strong></span> <span class='ocrx_word' id='word_1_48' title='bbox 548 1120 699 1186; x_wconf 88' lang='lat' dir='ltr'><strong>turribus</strong></span> <span class='ocrx_word' id='word_1_49' title='bbox 715 1120 825 1185; x_wconf 87' lang='lat' dir='ltr'><strong>ardua</strong></span> <span class='ocrx_word' id='word_1_50' title='bbox 841 1117 943 1185; x_wconf 87' lang='lat' dir='ltr'><strong>celsis</strong></span> 
     </span>
    </p>

    <p class='ocr_par' dir='ltr' id='par_1_6' title="bbox 174 1225 1142 1421">
     <span class='ocr_line' id='line_1_9' title="bbox 174 1225 1142 1313; baseline 0.001 -23"><span class='ocrx_word' id='word_1_51' title='bbox 174 1228 312 1293; x_wconf 88' lang='lat' dir='ltr'><strong>moenia</strong></span> <span class='ocrx_word' id='word_1_52' title='bbox 330 1239 426 1295; x_wconf 91' lang='lat' dir='ltr'><strong>mota</strong></span> <span class='ocrx_word' id='word_1_53' title='bbox 442 1228 571 1293; x_wconf 82' lang='lat' dir='ltr'><strong>forent:</strong></span> <span class='ocrx_word' id='word_1_54' title='bbox 597 1247 740 1313; x_wconf 88' lang='lat' dir='ltr'><strong>serpens</strong></span> <span class='ocrx_word' id='word_1_55' title='bbox 756 1226 831 1293; x_wconf 92' lang='lat' dir='ltr'><strong>sine</strong></span> <span class='ocrx_word' id='word_1_56' title='bbox 848 1227 989 1293; x_wconf 89' lang='lat' dir='ltr'><strong>vulnere</strong></span> <span class='ocrx_word' id='word_1_57' title='bbox 1006 1225 1142 1307; x_wconf 82' lang='lat' dir='ltr'><strong>mansit,</strong></span> 
     </span>
     <span class='ocr_line' id='line_1_10' title="bbox 174 1331 1017 1421; baseline 0.002 -24"><span class='ocrx_word' id='word_1_58' title='bbox 174 1331 373 1421; x_wconf 85' lang='lat' dir='ltr'><strong>loricaeque</strong></span> <span class='ocrx_word' id='word_1_59' title='bbox 391 1334 493 1400; x_wconf 91' lang='lat' dir='ltr'><strong>modo</strong></span> <span class='ocrx_word' id='word_1_60' title='bbox 509 1334 662 1421; x_wconf 86' lang='lat' dir='ltr'><strong>squamis</strong></span> <span class='ocrx_word' id='word_1_61' title='bbox 678 1332 855 1409; x_wconf 80' lang='lat' dir='ltr'><strong>defensus,</strong></span> <span class='ocrx_word' id='word_1_62' title='bbox 873 1342 907 1399; x_wconf 90' lang='lat' dir='ltr'><strong>et</strong></span> <span class='ocrx_word' id='word_1_63' title='bbox 921 1343 1017 1400; x_wconf 86' lang='lat' dir='ltr'><strong>atrae</strong></span> 
     </span>
    </p>
   </div>
   <div class='ocr_carea' id='block_1_3' title="bbox 58 1433 960 1533">
    <p class='ocr_par' dir='ltr' id='par_1_7' title="bbox 58 1433 960 1533">
     <span class='ocr_line' id='line_1_11' title="bbox 58 1433 960 1533; baseline -0.001 -29"><span class='ocrx_word' id='word_1_64' title='bbox 58 1433 61 1437; x_wconf 70' lang='grc'><strong>’</strong></span> <span class='ocrx_word' id='word_1_65' title='bbox 176 1440 299 1533; x_wconf 85' lang='lat' dir='ltr'><strong>duritia</strong></span> <span class='ocrx_word' id='word_1_66' title='bbox 316 1440 435 1527; x_wconf 91' lang='lat' dir='ltr'><strong>pellis,</strong></span> <span class='ocrx_word' id='word_1_67' title='bbox 454 1441 586 1507; x_wconf 90' lang='lat' dir='ltr'><strong>validos</strong></span> <span class='ocrx_word' id='word_1_68' title='bbox 603 1452 680 1506; x_wconf 91' lang='lat' dir='ltr'><strong>cute</strong></span> <span class='ocrx_word' id='word_1_69' title='bbox 696 1440 845 1526; x_wconf 88' lang='lat' dir='ltr'><strong>reppulit</strong></span> <span class='ocrx_word' id='word_1_70' title='bbox 860 1439 960 1505; x_wconf 90' lang='lat' dir='ltr'><strong>ictus.</strong></span> 
     </span>
    </p>
   </div>
   <div class='ocr_carea' id='block_1_4' title="bbox 102 1545 1232 4089">
    <p class='ocr_par' dir='ltr' id='par_1_8' title="bbox 102 1545 1232 3233">
     <span class='ocr_line' id='line_1_12' title="bbox 137 1545 1232 1635; baseline 0.006 -25"><span class='ocrx_word' id='word_1_71' title='bbox 137 1568 139 1573; x_wconf 93' lang='lat'>·</span> <span class='ocrx_word' id='word_1_72' title='bbox 218 1545 266 1611; x_wconf 87' lang='lat' dir='ltr'><strong>At</strong></span> <span class='ocrx_word' id='word_1_73' title='bbox 282 1570 354 1613; x_wconf 91' lang='lat' dir='ltr'><strong>non</strong></span> <span class='ocrx_word' id='word_1_74' title='bbox 373 1547 496 1613; x_wconf 86' lang='lat' dir='ltr'><strong>duritia</strong></span> <span class='ocrx_word' id='word_1_75' title='bbox 508 1547 664 1635; x_wconf 90' lang='lat' dir='ltr'><strong>jaculum</strong></span> <span class='ocrx_word' id='word_1_76' title='bbox 679 1568 816 1634; x_wconf 86' lang='lat' dir='ltr'><strong>quoque</strong></span> <span class='ocrx_word' id='word_1_77' title='bbox 832 1546 914 1612; x_wconf 92' lang='lat' dir='ltr'><strong>vicit</strong></span> <span class='ocrx_word' id='word_1_78' title='bbox 929 1547 1067 1624; x_wconf 89' lang='lat' dir='ltr'><strong>eadem,</strong></span> <span class='ocrx_word' id='word_1_79' title='bbox 1197 1560 1232 1632; x_wconf 80' lang='lat'><strong>⁶5</strong></span> 
     </span>
     <span class='ocr_line' id='line_1_13' title="bbox 102 1638 1009 1740; baseline 0 -23"><span class='ocrx_word' id='word_1_80' title='bbox 102 1638 105 1645; x_wconf 40' lang='lat'>¹</span> <span class='ocrx_word' id='word_1_81' title='bbox 173 1655 264 1738; x_wconf 92' lang='lat' dir='ltr'><strong>quod</strong></span> <span class='ocrx_word' id='word_1_82' title='bbox 283 1655 400 1720; x_wconf 90' lang='lat' dir='ltr'><strong>medio</strong></span> <span class='ocrx_word' id='word_1_83' title='bbox 416 1656 528 1720; x_wconf 88' lang='lat' dir='ltr'><strong>lentae</strong></span> <span class='ocrx_word' id='word_1_84' title='bbox 545 1654 666 1740; x_wconf 90' lang='lat' dir='ltr'><strong>spinae</strong></span> <span class='ocrx_word' id='word_1_85' title='bbox 682 1653 883 1719; x_wconf 91' lang='lat' dir='ltr'><strong>curvamine</strong></span> <span class='ocrx_word' id='word_1_86' title='bbox 899 1654 1009 1718; x_wconf 89' lang='lat' dir='ltr'><strong>fixum</strong></span> 
     </span>
     <span class='ocr_line' id='line_1_14' title="bbox 115 1760 990 1837; baseline 0.001 -12"><span class='ocrx_word' id='word_1_87' title='bbox 115 1788 122 1811; x_wconf 64' lang='grc' dir='ltr'>ι</span> <span class='ocrx_word' id='word_1_88' title='bbox 175 1760 335 1837; x_wconf 91' lang='lat' dir='ltr'><strong>constitit,</strong></span> <span class='ocrx_word' id='word_1_89' title='bbox 355 1772 390 1826; x_wconf 93' lang='lat' dir='ltr'><strong>et</strong></span> <span class='ocrx_word' id='word_1_90' title='bbox 405 1772 511 1826; x_wconf 88' lang='lat' dir='ltr'><strong>totum</strong></span> <span class='ocrx_word' id='word_1_91' title='bbox 528 1760 707 1827; x_wconf 86' lang='lat' dir='ltr'><strong>descendit</strong></span> <span class='ocrx_word' id='word_1_92' title='bbox 721 1760 757 1825; x_wconf 91' lang='lat' dir='ltr'><strong>in</strong></span> <span class='ocrx_word' id='word_1_93' title='bbox 773 1760 831 1826; x_wconf 87' lang='lat' dir='ltr'><strong>ilia</strong></span> <span class='ocrx_word' id='word_1_94' title='bbox 848 1760 990 1826; x_wconf 83' lang='lat' dir='ltr'><strong>serrum.</strong></span> 
     </span>
     <span class='ocr_line' id='line_1_15' title="bbox 174 1864 1041 1954; baseline 0.003 -25"><span class='ocrx_word' id='word_1_95' title='bbox 174 1864 243 1943; x_wconf 91' lang='lat' dir='ltr'><strong>ille,</strong></span> <span class='ocrx_word' id='word_1_96' title='bbox 262 1868 385 1934; x_wconf 88' lang='lat' dir='ltr'><strong>dolore</strong></span> <span class='ocrx_word' id='word_1_97' title='bbox 402 1868 511 1943; x_wconf 82' lang='lat' dir='ltr'><strong>ferox,</strong></span> <span class='ocrx_word' id='word_1_98' title='bbox 531 1877 635 1952; x_wconf 89' lang='lat' dir='ltr'><strong>caput</strong></span> <span class='ocrx_word' id='word_1_99' title='bbox 651 1866 685 1931; x_wconf 91' lang='lat' dir='ltr'><strong>in</strong></span> <span class='ocrx_word' id='word_1_100' title='bbox 702 1888 765 1933; x_wconf 91' lang='lat' dir='ltr'><strong>sua</strong></span> <span class='ocrx_word' id='word_1_101' title='bbox 781 1876 880 1954; x_wconf 86' lang='lat' dir='ltr'><strong>terga</strong></span> <span class='ocrx_word' id='word_1_102' title='bbox 896 1865 1041 1943; x_wconf 87' lang='lat' dir='ltr'><strong>retorsit,</strong></span> 
     </span>
     <span class='ocr_line' id='line_1_16' title="bbox 144 1964 1101 2062; baseline 0.002 -25"><span class='ocrx_word' id='word_1_103' title='bbox 144 1964 150 1975; x_wconf 80' lang='lat'>&#39;</span> <span class='ocrx_word' id='word_1_104' title='bbox 174 1975 390 2062; x_wconf 88' lang='lat' dir='ltr'><strong>vulneraque</strong></span> <span class='ocrx_word' id='word_1_105' title='bbox 407 1974 552 2059; x_wconf 86' lang='lat' dir='ltr'><strong>aspexit,</strong></span> <span class='ocrx_word' id='word_1_106' title='bbox 571 1974 747 2061; x_wconf 89' lang='lat' dir='ltr'><strong>fixumque</strong></span> <span class='ocrx_word' id='word_1_107' title='bbox 763 1974 885 2039; x_wconf 86' lang='lat' dir='ltr'><strong>hastile</strong></span> <span class='ocrx_word' id='word_1_108' title='bbox 903 1973 1101 2050; x_wconf 90' lang='lat' dir='ltr'><strong>momordit,</strong></span> 
     </span>
     <span class='ocr_line' id='line_1_17' title="bbox 173 2066 1232 2168; baseline 0.008 -25"><span class='ocrx_word' id='word_1_109' title='bbox 173 2078 275 2168; x_wconf 90' lang='lat' dir='ltr'><strong>idque</strong></span> <span class='ocrx_word' id='word_1_110' title='bbox 291 2082 352 2146; x_wconf 91' lang='lat' dir='ltr'><strong>ubi</strong></span> <span class='ocrx_word' id='word_1_111' title='bbox 370 2081 404 2145; x_wconf 93' lang='lat' dir='ltr'><strong>vi</strong></span> <span class='ocrx_word' id='word_1_112' title='bbox 421 2082 527 2147; x_wconf 88' lang='lat' dir='ltr'><strong>multa</strong></span> <span class='ocrx_word' id='word_1_113' title='bbox 543 2091 675 2165; x_wconf 88' lang='lat' dir='ltr'><strong>partem</strong></span> <span class='ocrx_word' id='word_1_114' title='bbox 691 2081 851 2147; x_wconf 86' lang='lat' dir='ltr'><strong>labefecit</strong></span> <span class='ocrx_word' id='word_1_115' title='bbox 866 2081 901 2145; x_wconf 89' lang='lat' dir='ltr'><strong>in</strong></span> <span class='ocrx_word' id='word_1_116' title='bbox 917 2066 1071 2157; x_wconf 84' lang='lat' dir='ltr'><strong>omnem,</strong></span> <span class='ocrx_word' id='word_1_117' title='bbox 1196 2106 1232 2164; x_wconf 87' lang='lat'><strong>70</strong></span> 
     </span>
     <span class='ocr_line' id='line_1_18' title="bbox 174 2185 1130 2276; baseline 0.003 -26"><span class='ocrx_word' id='word_1_118' title='bbox 174 2186 231 2251; x_wconf 87' lang='lat' dir='ltr'><strong>vix</strong></span> <span class='ocrx_word' id='word_1_119' title='bbox 247 2198 349 2276; x_wconf 87' lang='lat' dir='ltr'><strong>tergo</strong></span> <span class='ocrx_word' id='word_1_120' title='bbox 366 2187 509 2272; x_wconf 84' lang='lat' dir='ltr'><strong>eripuit3</strong></span> <span class='ocrx_word' id='word_1_121' title='bbox 534 2186 661 2253; x_wconf 84' lang='lat' dir='ltr'><strong>serrum</strong></span> <span class='ocrx_word' id='word_1_122' title='bbox 678 2197 792 2253; x_wconf 88' lang='lat' dir='ltr'><strong>tamen</strong></span> <span class='ocrx_word' id='word_1_123' title='bbox 808 2186 942 2253; x_wconf 91' lang='lat' dir='ltr'><strong>ossibus</strong></span> <span class='ocrx_word' id='word_1_124' title='bbox 960 2185 1082 2253; x_wconf 85' lang='lat' dir='ltr'><strong>haesit.</strong></span> <span class='ocrx_word' id='word_1_125' title='bbox 1125 2206 1130 2215; x_wconf 85' lang='lat'><strong>·</strong></span> 
     </span>
     <span class='ocr_line' id='line_1_19' title="bbox 174 2293 986 2380; baseline 0.004 -23"><span class='ocrx_word' id='word_1_126' title='bbox 174 2302 243 2357; x_wconf 91' lang='lat' dir='ltr'><strong>tum</strong></span> <span class='ocrx_word' id='word_1_127' title='bbox 260 2316 346 2360; x_wconf 87' lang='lat' dir='ltr'><strong>vero</strong></span> <span class='ocrx_word' id='word_1_128' title='bbox 363 2306 543 2380; x_wconf 86' lang='lat' dir='ltr'><strong>postquam</strong></span> <span class='ocrx_word' id='word_1_129' title='bbox 560 2294 678 2361; x_wconf 85' lang='lat' dir='ltr'><strong>solitas</strong></span> <span class='ocrx_word' id='word_1_130' title='bbox 694 2293 840 2361; x_wconf 81' lang='lat' dir='ltr'><strong>accessit</strong></span> <span class='ocrx_word' id='word_1_131' title='bbox 855 2293 900 2360; x_wconf 91' lang='lat' dir='ltr'><strong>ad</strong></span> <span class='ocrx_word' id='word_1_132' title='bbox 916 2294 986 2360; x_wconf 91' lang='lat' dir='ltr'><strong>iras</strong></span> 
     </span>
     <span class='ocr_line' id='line_1_20' title="bbox 174 2400 1055 2490; baseline 0.002 -25"><span class='ocrx_word' id='word_1_133' title='bbox 174 2420 278 2467; x_wconf 91' lang='lat' dir='ltr'><strong>causa</strong></span> <span class='ocrx_word' id='word_1_134' title='bbox 295 2423 432 2476; x_wconf 89' lang='lat' dir='ltr'><strong>recens,</strong></span> <span class='ocrx_word' id='word_1_135' title='bbox 450 2400 562 2487; x_wconf 89' lang='lat' dir='ltr'><strong>plenis</strong></span> <span class='ocrx_word' id='word_1_136' title='bbox 576 2411 774 2467; x_wconf 88' lang='lat' dir='ltr'><strong>tumuerunt</strong></span> <span class='ocrx_word' id='word_1_137' title='bbox 790 2412 927 2490; x_wconf 86' lang='lat' dir='ltr'><strong>guttura</strong></span> <span class='ocrx_word' id='word_1_138' title='bbox 943 2400 1055 2478; x_wconf 88' lang='lat' dir='ltr'><strong>venis,</strong></span> 
     </span>
     <span class='ocr_line' id='line_1_21' title="bbox 174 2506 1048 2595; baseline 0.002 -24"><span class='ocrx_word' id='word_1_139' title='bbox 174 2528 368 2595; x_wconf 87' lang='lat' dir='ltr'><strong>spumaque</strong></span> <span class='ocrx_word' id='word_1_140' title='bbox 384 2506 561 2593; x_wconf 88' lang='lat' dir='ltr'><strong>pestiferos</strong></span> <span class='ocrx_word' id='word_1_141' title='bbox 578 2506 783 2573; x_wconf 91' lang='lat' dir='ltr'><strong>circumfluit</strong></span> <span class='ocrx_word' id='word_1_142' title='bbox 799 2506 915 2573; x_wconf 89' lang='lat' dir='ltr'><strong>albida</strong></span> <span class='ocrx_word' id='word_1_143' title='bbox 930 2508 1048 2585; x_wconf 87' lang='lat' dir='ltr'><strong>rictus,</strong></span> 
     </span>
     <span class='ocr_line' id='line_1_22' title="bbox 173 2612 1228 2703; baseline 0.002 -25"><span class='ocrx_word' id='word_1_144' title='bbox 173 2623 335 2702; x_wconf 88' lang='lat' dir='ltr'><strong>terraque</strong></span> <span class='ocrx_word' id='word_1_145' title='bbox 351 2635 430 2679; x_wconf 87' lang='lat' dir='ltr'><strong>rasa</strong></span> <span class='ocrx_word' id='word_1_146' title='bbox 446 2625 545 2679; x_wconf 89' lang='lat' dir='ltr'><strong>sonat</strong></span> <span class='ocrx_word' id='word_1_147' title='bbox 560 2613 727 2701; x_wconf 87' lang='lat' dir='ltr'><strong>squamis,</strong></span> <span class='ocrx_word' id='word_1_148' title='bbox 745 2613 872 2701; x_wconf 89' lang='lat' dir='ltr'><strong>quique</strong></span> <span class='ocrx_word' id='word_1_149' title='bbox 889 2614 1016 2680; x_wconf 89' lang='lat' dir='ltr'><strong>halitus</strong></span> <span class='ocrx_word' id='word_1_150' title='bbox 1032 2612 1104 2680; x_wconf 85' lang='lat' dir='ltr'><strong>exit</strong></span> <span class='ocrx_word' id='word_1_151' title='bbox 1195 2645 1228 2703; x_wconf 79' lang='lat'><strong>75</strong></span> 
     </span>
     <span class='ocr_line' id='line_1_23' title="bbox 175 2718 910 2809; baseline -0.004 -24"><span class='ocrx_word' id='word_1_152' title='bbox 175 2741 231 2785; x_wconf 88' lang='lat' dir='ltr'><strong>ore</strong></span> <span class='ocrx_word' id='word_1_153' title='bbox 247 2721 352 2809; x_wconf 88' lang='lat' dir='ltr'><strong>niger</strong></span> <span class='ocrx_word' id='word_1_154' title='bbox 368 2719 504 2809; x_wconf 81' lang='lat' dir='ltr'><strong>Stygio,</strong></span> <span class='ocrx_word' id='word_1_155' title='bbox 522 2718 657 2786; x_wconf 88' lang='lat' dir='ltr'><strong>vitiatas</strong></span> <span class='ocrx_word' id='word_1_156' title='bbox 673 2719 780 2785; x_wconf 85' lang='lat' dir='ltr'><strong>inficit</strong></span> <span class='ocrx_word' id='word_1_157' title='bbox 796 2740 910 2785; x_wconf 87' lang='lat' dir='ltr'><strong>auras.</strong></span> 
     </span>
     <span class='ocr_line' id='line_1_24' title="bbox 174 2824 1063 2913; baseline 0.006 -23"><span class='ocrx_word' id='word_1_158' title='bbox 174 2825 248 2913; x_wconf 91' lang='lat' dir='ltr'><strong>ipsc</strong></span> <span class='ocrx_word' id='word_1_159' title='bbox 265 2828 370 2893; x_wconf 94' lang='lat' dir='ltr'><strong>modo</strong></span> <span class='ocrx_word' id='word_1_160' title='bbox 386 2826 591 2891; x_wconf 91' lang='lat' dir='ltr'><strong>immensum</strong></span> <span class='ocrx_word' id='word_1_161' title='bbox 609 2824 710 2911; x_wconf 91' lang='lat' dir='ltr'><strong>spiris</strong></span> <span class='ocrx_word' id='word_1_162' title='bbox 726 2826 929 2894; x_wconf 80' lang='lat' dir='ltr'><strong>facientibus</strong></span> <span class='ocrx_word' id='word_1_163' title='bbox 944 2828 1063 2895; x_wconf 85' lang='lat' dir='ltr'><strong>orbem</strong></span> 
     </span>
     <span class='ocr_line' id='line_1_25' title="bbox 175 2933 1046 3022; baseline 0.006 -26"><span class='ocrx_word' id='word_1_164' title='bbox 175 2933 338 3022; x_wconf 85' lang='lat' dir='ltr'><strong>cingitur,</strong></span> <span class='ocrx_word' id='word_1_165' title='bbox 356 2933 525 2999; x_wconf 90' lang='lat' dir='ltr'><strong>interdum</strong></span> <span class='ocrx_word' id='word_1_166' title='bbox 542 2933 647 3019; x_wconf 88' lang='lat' dir='ltr'><strong>longa</strong></span> <span class='ocrx_word' id='word_1_167' title='bbox 664 2933 760 2998; x_wconf 87' lang='lat' dir='ltr'><strong>trabe</strong></span> <span class='ocrx_word' id='word_1_168' title='bbox 776 2934 900 2999; x_wconf 88' lang='lat' dir='ltr'><strong>rectior</strong></span> <span class='ocrx_word' id='word_1_169' title='bbox 914 2948 1046 3012; x_wconf 88' lang='lat' dir='ltr'><strong>exstat;</strong></span> 
     </span>
     <span class='ocr_line' id='line_1_26' title="bbox 132 3036 1082 3125; baseline 0.009 -26"><span class='ocrx_word' id='word_1_170' title='bbox 132 3036 155 3099; x_wconf 84' lang='grc'><strong>’,</strong></span> <span class='ocrx_word' id='word_1_171' title='bbox 174 3038 301 3125; x_wconf 88' lang='lat' dir='ltr'><strong>impete</strong></span> <span class='ocrx_word' id='word_1_172' title='bbox 318 3059 411 3103; x_wconf 90' lang='lat' dir='ltr'><strong>nunc</strong></span> <span class='ocrx_word' id='word_1_173' title='bbox 427 3051 522 3105; x_wconf 86' lang='lat' dir='ltr'><strong>vasto</strong></span> <span class='ocrx_word' id='word_1_174' title='bbox 539 3059 603 3103; x_wconf 88' lang='lat' dir='ltr'><strong>ceu</strong></span> <span class='ocrx_word' id='word_1_175' title='bbox 619 3039 773 3105; x_wconf 89' lang='lat' dir='ltr'><strong>concitus</strong></span> <span class='ocrx_word' id='word_1_176' title='bbox 789 3039 955 3107; x_wconf 89' lang='lat' dir='ltr'><strong>imbribus</strong></span> <span class='ocrx_word' id='word_1_177' title='bbox 971 3041 1082 3108; x_wconf 89' lang='lat' dir='ltr'><strong>amnis</strong></span> 
     </span>
     <span class='ocr_line' id='line_1_27' title="bbox 138 3144 1012 3233; baseline 0.002 -24"><span class='ocrx_word' id='word_1_178' title='bbox 138 3206 143 3215; x_wconf 89' lang='grc'>,</span> <span class='ocrx_word' id='word_1_179' title='bbox 174 3144 292 3222; x_wconf 81' lang='lat' dir='ltr'><strong>fertur,</strong></span> <span class='ocrx_word' id='word_1_180' title='bbox 312 3156 346 3211; x_wconf 94' lang='lat' dir='ltr'><strong>et</strong></span> <span class='ocrx_word' id='word_1_181' title='bbox 360 3145 533 3213; x_wconf 88' lang='lat' dir='ltr'><strong>obstantes</strong></span> <span class='ocrx_word' id='word_1_182' title='bbox 550 3146 726 3230; x_wconf 89' lang='lat' dir='ltr'><strong>proturbat</strong></span> <span class='ocrx_word' id='word_1_183' title='bbox 743 3160 879 3233; x_wconf 87' lang='lat' dir='ltr'><strong>pectore</strong></span> <span class='ocrx_word' id='word_1_184' title='bbox 896 3149 1012 3214; x_wconf 91' lang='lat' dir='ltr'><strong>silvas.</strong></span> 
     </span>
    </p>

    <p class='ocr_par' dir='ltr' id='par_1_9' title="bbox 168 3249 1224 4089">
     <span class='ocr_line' id='line_1_28' title="bbox 217 3249 1049 3341; baseline 0.004 -24"><span class='ocrx_word' id='word_1_185' title='bbox 217 3251 322 3318; x_wconf 89' lang='lat' dir='ltr'><strong>Cedit</strong></span> <span class='ocrx_word' id='word_1_186' title='bbox 336 3249 556 3338; x_wconf 83' lang='lat' dir='ltr'><strong>Agenorides</strong></span> <span class='ocrx_word' id='word_1_187' title='bbox 573 3254 728 3337; x_wconf 89' lang='lat' dir='ltr'><strong>paulum,</strong></span> <span class='ocrx_word' id='word_1_188' title='bbox 747 3255 924 3341; x_wconf 91' lang='lat' dir='ltr'><strong>spolioque</strong></span> <span class='ocrx_word' id='word_1_189' title='bbox 940 3254 1049 3321; x_wconf 89' lang='lat' dir='ltr'><strong>leonis</strong></span> 
     </span>
     <span class='ocr_line' id='line_1_29' title="bbox 173 3357 993 3447; baseline 0.004 -24"><span class='ocrx_word' id='word_1_190' title='bbox 173 3359 317 3424; x_wconf 87' lang='lat' dir='ltr'><strong>sustinet</strong></span> <span class='ocrx_word' id='word_1_191' title='bbox 333 3358 504 3433; x_wconf 86' lang='lat' dir='ltr'><strong>incursus,</strong></span> <span class='ocrx_word' id='word_1_192' title='bbox 522 3357 750 3447; x_wconf 87' lang='lat' dir='ltr'><strong>instantiaque</strong></span> <span class='ocrx_word' id='word_1_193' title='bbox 767 3381 827 3426; x_wconf 91' lang='lat' dir='ltr'><strong>ora</strong></span> <span class='ocrx_word' id='word_1_194' title='bbox 844 3362 993 3427; x_wconf 87' lang='lat' dir='ltr'><strong>retardat</strong></span> 
     </span>
     <span class='ocr_line' id='line_1_30' title="bbox 174 3464 1008 3550; baseline 0.006 -22"><span class='ocrx_word' id='word_1_195' title='bbox 174 3465 316 3550; x_wconf 89' lang='lat' dir='ltr'><strong>cuspide</strong></span> <span class='ocrx_word' id='word_1_196' title='bbox 333 3476 530 3549; x_wconf 86' lang='lat' dir='ltr'><strong>praetenta:</strong></span> <span class='ocrx_word' id='word_1_197' title='bbox 555 3464 635 3531; x_wconf 80' lang='lat' dir='ltr'><strong>furit</strong></span> <span class='ocrx_word' id='word_1_198' title='bbox 650 3467 723 3543; x_wconf 94' lang='lat' dir='ltr'><strong>ille,</strong></span> <span class='ocrx_word' id='word_1_199' title='bbox 740 3478 774 3532; x_wconf 92' lang='lat' dir='ltr'><strong>et</strong></span> <span class='ocrx_word' id='word_1_200' title='bbox 789 3467 905 3531; x_wconf 89' lang='lat' dir='ltr'><strong>inania</strong></span> <span class='ocrx_word' id='word_1_201' title='bbox 922 3468 1008 3533; x_wconf 90' lang='lat' dir='ltr'><strong>duro</strong></span> 
     </span>
     <span class='ocr_line' id='line_1_31' title="bbox 172 3572 1055 3661; baseline 0.003 -26"><span class='ocrx_word' id='word_1_202' title='bbox 172 3572 316 3635; x_wconf 89' lang='lat' dir='ltr'><strong>vulnera</strong></span> <span class='ocrx_word' id='word_1_203' title='bbox 333 3572 392 3636; x_wconf 90' lang='lat' dir='ltr'><strong>dat</strong></span> <span class='ocrx_word' id='word_1_204' title='bbox 409 3572 512 3647; x_wconf 84' lang='lat' dir='ltr'><strong>ferro,</strong></span> <span class='ocrx_word' id='word_1_205' title='bbox 530 3572 671 3661; x_wconf 85' lang='lat' dir='ltr'><strong>figitque</strong></span> <span class='ocrx_word' id='word_1_206' title='bbox 686 3573 723 3637; x_wconf 95' lang='lat' dir='ltr'><strong>in</strong></span> <span class='ocrx_word' id='word_1_207' title='bbox 740 3572 899 3639; x_wconf 86' lang='lat' dir='ltr'><strong>acumine</strong></span> <span class='ocrx_word' id='word_1_208' title='bbox 915 3574 1055 3648; x_wconf 88' lang='lat' dir='ltr'><strong>dentes;</strong></span> 
     </span>
     <span class='ocr_line' id='line_1_32' title="bbox 168 3677 1224 3767; baseline 0.007 -25"><span class='ocrx_word' id='word_1_209' title='bbox 168 3677 311 3766; x_wconf 85' lang='lat' dir='ltr'><strong>jamque</strong></span> <span class='ocrx_word' id='word_1_210' title='bbox 327 3678 527 3744; x_wconf 82' lang='lat' dir='ltr'><strong>venenifero</strong></span> <span class='ocrx_word' id='word_1_211' title='bbox 544 3680 687 3767; x_wconf 85' lang='lat' dir='ltr'><strong>sanguis</strong></span> <span class='ocrx_word' id='word_1_212' title='bbox 705 3700 845 3744; x_wconf 88' lang='lat' dir='ltr'><strong>manare</strong></span> <span class='ocrx_word' id='word_1_213' title='bbox 861 3679 976 3763; x_wconf 87' lang='lat' dir='ltr'><strong>palato</strong></span> <span class='ocrx_word' id='word_1_214' title='bbox 1191 3695 1224 3763; x_wconf 82' lang='lat'><strong>85</strong></span> 
     </span>
     <span class='ocr_line' id='line_1_33' title="bbox 173 3784 1066 3872; baseline 0.001 -25"><span class='ocrx_word' id='word_1_215' title='bbox 173 3795 347 3870; x_wconf 88' lang='lat' dir='ltr'><strong>coeperat,</strong></span> <span class='ocrx_word' id='word_1_216' title='bbox 366 3795 400 3850; x_wconf 89' lang='lat' dir='ltr'><strong>et</strong></span> <span class='ocrx_word' id='word_1_217' title='bbox 414 3785 540 3851; x_wconf 93' lang='lat' dir='ltr'><strong>virides</strong></span> <span class='ocrx_word' id='word_1_218' title='bbox 557 3785 741 3872; x_wconf 85' lang='lat' dir='ltr'><strong>aspergine</strong></span> <span class='ocrx_word' id='word_1_219' title='bbox 756 3784 904 3849; x_wconf 90' lang='lat' dir='ltr'><strong>tinxerat</strong></span> <span class='ocrx_word' id='word_1_220' title='bbox 920 3785 1066 3851; x_wconf 87' lang='lat' dir='ltr'><strong>herbas:</strong></span> 
     </span>
     <span class='ocr_line' id='line_1_34' title="bbox 172 3889 1086 3975; baseline -0.002 -18"><span class='ocrx_word' id='word_1_221' title='bbox 172 3891 233 3957; x_wconf 84' lang='lat' dir='ltr'><strong>sed</strong></span> <span class='ocrx_word' id='word_1_222' title='bbox 249 3892 326 3958; x_wconf 87' lang='lat' dir='ltr'><strong>leve</strong></span> <span class='ocrx_word' id='word_1_223' title='bbox 342 3892 468 3956; x_wconf 86' lang='lat' dir='ltr'><strong>vulnus</strong></span> <span class='ocrx_word' id='word_1_224' title='bbox 485 3901 569 3965; x_wconf 90' lang='lat' dir='ltr'><strong>erat,</strong></span> <span class='ocrx_word' id='word_1_225' title='bbox 584 3890 663 3975; x_wconf 89' lang='lat' dir='ltr'><strong>quia</strong></span> <span class='ocrx_word' id='word_1_226' title='bbox 681 3911 718 3953; x_wconf 89' lang='lat' dir='ltr'><strong>se</strong></span> <span class='ocrx_word' id='word_1_227' title='bbox 734 3889 929 3954; x_wconf 87' lang='lat' dir='ltr'><strong>retrahebat</strong></span> <span class='ocrx_word' id='word_1_228' title='bbox 944 3890 988 3956; x_wconf 87' lang='lat' dir='ltr'><strong>ab</strong></span> <span class='ocrx_word' id='word_1_229' title='bbox 1005 3891 1086 3966; x_wconf 89' lang='lat' dir='ltr'><strong>ictu,</strong></span> 
     </span>
     <span class='ocr_line' id='line_1_35' title="bbox 171 3996 1046 4089; baseline -0.005 -26"><span class='ocrx_word' id='word_1_230' title='bbox 171 3998 335 4089; x_wconf 87' lang='lat' dir='ltr'><strong>laesaque</strong></span> <span class='ocrx_word' id='word_1_231' title='bbox 353 3997 443 4064; x_wconf 88' lang='lat' dir='ltr'><strong>colla</strong></span> <span class='ocrx_word' id='word_1_232' title='bbox 458 3998 564 4063; x_wconf 85' lang='lat' dir='ltr'><strong>dabat</strong></span> <span class='ocrx_word' id='word_1_233' title='bbox 579 4006 681 4071; x_wconf 88' lang='lat' dir='ltr'><strong>retro,</strong></span> <span class='ocrx_word' id='word_1_234' title='bbox 699 3996 909 4079; x_wconf 87' lang='lat' dir='ltr'><strong>plagamque</strong></span> <span class='ocrx_word' id='word_1_235' title='bbox 925 3996 1046 4059; x_wconf 85' lang='lat' dir='ltr'><strong>sedere</strong></span> 
     </span>
    </p>
   </div>
   <div class='ocr_carea' id='block_1_5' title="bbox 0 0 1388 4467">
    <p class='ocr_par' dir='ltr' id='par_1_10' title="bbox 0 0 1388 4467">
     <span class='ocr_line' id='line_1_36' title="bbox 0 0 1388 4467; baseline 0 0"><span class='ocrx_word' id='word_1_236' title='bbox 0 0 1388 4467; x_wconf 95' lang='lat' dir='ltr'><strong> </strong></span> 
     </span>
    </p>
   </div>
  </div>
 </body>
</html>
