2767 4467
211 319 274 390 152
481 301 517 370 Τ
510 304 553 369 he
575 303 781 392 Apotheosis
805 307 852 390 os
871 305 1002 372 Ceasar.
1120 325 1264 396 [Mareu.

207 499 370 586 temporis
388 508 535 566 aetatem
550 511 840 590 venturorumque
856 514 1019 589 nepotum
1212 523 1264 590 835

207 606 432 695 prospiciens,
454 608 584 692 prolem
601 619 721 673 sancta
738 608 781 674 de
798 609 946 698 conjuge
962 622 1080 676 natam

208 715 296 781 serre
311 714 413 781 simul
433 734 627 800 nomenque
644 735 744 780 suum
762 735 930 802 curasque
943 715 1096 804 jubebit:
1199 749 1200 752 ¹

207 843 285 898 nec,
302 820 367 887 nisi
385 841 463 886 cum
481 819 596 884 senior
616 817 737 905 Pylios
759 821 957 907 aequaverit
973 842 1095 899 annos,

168 1011 172 1018 ¹
207 928 377 994 aetherias
393 927 492 993 sedes
510 937 728 1013 cognataque
745 926 857 992 sidera
874 938 1005 1015 tanget.

208 1036 299 1101 hanc
315 1035 465 1100 animam
479 1033 612 1104 ,interea
629 1052 732 1098 caeso
747 1033 791 1097 de
808 1053 951 1118 corpore
968 1045 1101 1119 raptam
1212 1053 1263 1118 840

207 1141 263 1208 sac
274 1141 389 1231 jubar,
408 1152 445 1206 ut
459 1160 596 1226 semper
612 1137 785 1224 Capitolia
801 1150 918 1204 nostra
933 1138 1113 1226 forumque

207 1249 307 1314 divus
322 1249 367 1314 ab
383 1248 522 1314 excelsa
540 1254 734 1332 prospectet
744 1243 857 1330 Julius
874 1245 985 1311 aede.'

250 1353 322 1419 Vix
339 1375 382 1420 ea
396 1353 486 1418 satus
501 1365 588 1429 erat,
606 1351 721 1417 media
738 1371 817 1415 cum
833 1351 916 1417 sede
932 1363 1071 1418 senatus

207 1459 354 1525 constitit
370 1460 461 1524 alma
476 1457 611 1534 Venus,
630 1457 715 1522 nulli
733 1456 920 1533 cernenda,
938 1457 1060 1545 suique

207 1564 367 1631 Caesaris
384 1564 506 1651 eripuit
523 1563 698 1640 membris,
717 1583 782 1628 nec
798 1561 834 1627 in
851 1567 932 1628 aera
947 1565 1034 1630 solvi
1210 1585 1262 1653 845

206 1693 309 1758 passa
325 1682 497 1737 recen-tem
514 1671 666 1736 animam
683 1669 887 1735 caelestibus
904 1669 1016 1736 intulit
1032 1673 1145 1739 astris.

206 1778 358 1867 dumque
374 1780 459 1856 tulit,
476 1779 593 1844 lumen
610 1799 735 1864 capere
752 1788 853 1864 atque
870 1775 1050 1864 ignescere
1066 1779 1188 1857 sensit,

205 1885 383 1973 emisitque
399 1885 488 1951 sinu.
538 1885 640 1952 Luna
659 1885 752 1950 volat
768 1883 868 1948 altius
886 1882 959 1960 illa,

204 1990 514 2079 flammiferumque
532 1993 670 2058 trahens
686 1991 838 2077 spatioso
855 1989 962 2055 limite
980 1991 1110 2058 crinem

206 2097 302 2162 stella
319 2097 433 2174 micat,
452 2098 590 2185 natique
607 2098 728 2163 videns
744 2096 924 2163 benefacta
942 2095 1066 2162 fatetur
1209 2119 1261 2186 850

204 2223 280 2268 esse
297 2203 366 2269 suis
383 2204 525 2294 majora,
545 2214 578 2269 et
593 2203 684 2269 vinci
702 2204 830 2292 gaudet
848 2202 976 2268 abillo.

205 2309 262 2374 hic
276 2331 339 2375 sua
356 2310 519 2397 praeferri
537 2331 749 2398 quamquam
765 2322 856 2375 vetat
872 2321 948 2375 acta
966 2311 1133 2396 paternis,

204 2415 312 2482 libera
327 2416 419 2482 sama
437 2428 552 2482 tamen
570 2416 740 2503 nullisque
756 2415 905 2482 obnoxia
918 2414 1024 2505 jussis

134 2518 138 2527 ’
203 2523 345 2588 invitum
362 2524 521 2610 praefert,
540 2545 676 2611 unaque
693 2523 730 2588 in
746 2535 841 2610 parte
859 2534 1041 2612 repugnat.

203 2629 253 2694 sic
270 2630 387 2718 magni
403 2631 494 2696 cedit
508 2631 612 2696 titulis
631 2628 906 2718 Agamemnonis
923 2629 1071 2708 Atreus3
1210 2651 1260 2723 855

203 2733 326 2823 Aegea
342 2736 392 2802 sic
407 2736 580 2813 Theseus,
599 2736 649 2802 sic
666 2735 771 2802 Pelea
787 2735 892 2802 vincit
909 2735 1078 2805 Achilles.

203 2842 363 2929 denique,
381 2853 418 2908 ut
434 2844 602 2929 exemplis
619 2844 713 2930 ipsos
731 2847 957 2932 aequantibus
973 2860 1064 2925 utar,

202 2948 252 3012 sic
267 2959 301 3013 et
316 2947 485 3013 Saturnus
504 2948 613 3014 minor
628 2962 681 3016 est
691 2950 791 3037 Jove.
837 2953 996 3040 Juppiter
1012 2976 1111 3022 arces

200 3065 368 3140 temperat
383 3055 553 3120 aetherias
572 3065 606 3120 et
621 3056 739 3122 mundi
757 3079 866 3148 regna
883 3061 1065 3137 triformisr

200 3171 290 3225 terra
306 3162 370 3227 sub
384 3160 564 3249 Augusto:
589 3176 687 3250 pater
702 3179 755 3233 est
770 3179 804 3233 et
823 3181 932 3235 rector
947 3181 1101 3256 uterque.
1206 3189 1260 3242 860

246 3268 304 3345 Di,
322 3290 456 3355 precor,
474 3268 617 3338 Aeneae
636 3275 791 3352 comites,
810 3277 933 3364 quibus
948 3276 1042 3342 ensis
1058 3287 1091 3341 et
1106 3276 1201 3364 ignis

200 3387 387 3452 cesserunt,
406 3377 508 3465 dique
527 3380 717 3471 indigetes,
737 3383 938 3470 genitorque
957 3380 1103 3466 Quirine

199 3481 318 3557 Urbis,
335 3494 370 3548 et
384 3484 501 3551 invicti
518 3491 653 3578 genitor
669 3490 822 3556 Gradive
842 3487 993 3574 Quirini,

198 3587 373 3678 Vestaque
391 3591 585 3662 Caesareos
601 3596 689 3661 inter
708 3608 842 3662 sacrata
859 3607 1014 3682 penates,

199 3708 325 3762 etcum
343 3699 518 3767 Caesarea
537 3713 586 3776 tu,
605 3701 746 3767 Phoebe
763 3702 963 3780 domestice,
980 3701 1106 3777 Vesta,
1203 3720 1256 3790 865

197 3804 323 3891 quique
340 3818 437 3872 tenes
455 3808 544 3872 altus
560 3808 730 3892 Tarpeias
742 3807 901 3894 Juppiter
917 3828 1028 3881 arces,

197 3931 352 3998 quosque
371 3914 459 3976 alios
472 3913 540 3977 vati
559 3913 610 3977 fas
627 3914 802 3997 appellare
820 3913 983 4000 piumque
1000 3924 1071 3977 est:

197 4019 295 4083 tarda
314 4018 356 4083 sit
372 4019 430 4083 illa
446 4017 520 4082 dies
536 4029 569 4082 et
586 4029 699 4085 nostro
717 4017 824 4082 serior
843 4039 942 4095 aevo,
