2767 4467
139 297 183 352 nt
196 298 270 368 ua]
480 282 553 352 rte
573 281 741 351 Funera!
756 281 848 350 Pr'le.

174 475 262 542 Ecce
279 475 427 544 Lichan
443 479 613 566 trepidum
629 479 818 546 latitantem
834 497 919 565 rupe
935 485 1058 544 cavata

133 583 266 670 aspicit3
291 596 402 672 utque
421 587 519 652 dolor
533 586 665 652 rabiem
683 586 871 674 collegerat
884 605 1037 660 omnem,

135 687 263 768 ‘Tune‚
280 690 427 767 Licha,'
441 689 528 756 dixit
544 689 686 756 ‘feralia
702 691 793 758 dona
810 687 954 756 dedisti?

132 806 206 861 tune
222 817 321 862 meae
338 797 440 862 necis
458 807 577 863 auctor
592 793 702 862 eris?'
745 794 880 862 Tremit
894 795 965 874 ille,
983 803 1152 884 pavetque

132 903 287 988 pallidus,
305 913 341 970 et
357 904 480 970 timide
498 903 603 968 verba
620 902 822 968 excusantia
838 902 932 968 dicit.
1132 932 1163 972 21
1168 929 1183 990 ς

133 1009 296 1074 dicentem
312 1011 536 1099 genibusque
555 1030 679 1076 manus
696 1009 862 1075 adhibere
878 1018 1057 1094 parantem

133 1115 262 1201 corripit
278 1115 443 1194 Alcides,
461 1128 494 1183 et
508 1126 627 1205 terque
643 1125 833 1201 quaterque
849 1125 997 1180 rotatum

131 1221 223 1287 mittit
237 1222 273 1288 in
290 1223 474 1290 Euboicas
488 1233 657 1290 tormento
672 1221 792 1288 lortius
808 1220 933 1288 undas.

131 1325 184 1392 ille
199 1350 260 1415 per
277 1329 398 1396 aerias
413 1329 570 1415 pendens
586 1326 738 1393 induruit
754 1347 877 1403 auras;

130 1442 227 1518 utque
244 1430 365 1502 serunt
381 1428 511 1543 imbies
525 1435 652 1524 gelidis
668 1455 891 1501 concrescere
906 1432 1030 1512 ventis,
1133 1463 1185 1504 πο

132 1537 206 1605 inde
221 1540 320 1608 nives
337 1542 430 1619 fieri,
448 1542 584 1608 nivibus
600 1561 737 1629 quoque
754 1541 857 1607 molle
872 1542 990 1607 rotatis

131 1646 282 1735 astringi,
301 1659 338 1716 et
353 1649 469 1735 spissa
485 1647 670 1736 glomerari
686 1646 857 1736 grandine
873 1668 1018 1734 corpus:

131 1752 177 1816 sic
193 1753 288 1820 illum
306 1755 437 1821 validis
453 1766 567 1820 actum
583 1775 645 1841 per
660 1754 763 1819 inane
780 1753 916 1822 lacertis

132 1878 419 1949 exsanguemque
436 1874 528 1927 metu
541 1860 803 1948 necquicquam
816 1859 969 1927 humoris
985 1859 1183 1938 habentem,

133 1961 165 2026 in
181 1965 310 2053 rigidos
326 1989 470 2034 versum
487 1968 600 2034 silices
615 1967 708 2053 prior
724 1966 831 2032 edidit
847 1977 953 2033 aetas.
1134 1995 1184 2055 τις

134 2088 221 2135 nunc
235 2093 379 2162 quoque
394 2073 430 2138 in
448 2072 602 2139 Euboico
617 2073 779 2158 scopulus
797 2073 911 2138 brevis
926 2071 1051 2138 emicat
1067 2071 1135 2138 alto

134 2177 278 2264 gurgite,
297 2192 335 2246 et
351 2180 526 2244 humanae
541 2191 656 2246 servat
670 2179 816 2267 vestigia
833 2179 977 2256 formae,

136 2299 244 2366 quem,
260 2285 366 2373 quasi
384 2307 579 2364 sensurum,
597 2297 723 2352 nautae
739 2286 875 2354 calcare
891 2296 1064 2362 verentur,

136 2391 379 2480 appellantque
395 2391 546 2458 Lichan.

572 2496 622 2565 At
635 2509 685 2575 tu,
698 2497 796 2585 Jovis
811 2497 929 2565 inclita
945 2497 1073 2585 proles,

136 2601 311 2672 arboribus
329 2603 455 2682 caesis,
472 2626 559 2693 quas
574 2606 682 2672 ardua
700 2617 855 2694 gesserat
871 2604 972 2682 Oete,
1136 2636 1188 2692 230
1265 2645 1269 2654 ·

136 2704 234 2794 inque
249 2733 379 2800 pyram
395 2712 543 2788 structis,
562 2732 681 2777 arcum
699 2711 964 2798 pharetramque
980 2732 1146 2797 capacem

135 2833 310 2905 regnaque
328 2819 464 2884 visuras
479 2818 601 2884 iterum
618 2818 774 2908 Trojana
792 2819 933 2908 sagittas

138 2918 220 2988 serre
232 2925 338 3012 jubes
354 2923 507 2991 Poeante
523 2936 649 3002 satum,
666 2947 736 3014 quo
752 2925 893 2992 flamma
909 2925 1062 2992 ministro

138 3029 288 3107 subdita;
316 3031 470 3118 dumque
486 3032 597 3098 avidis
613 3034 869 3120 comprenditur
885 3033 1022 3121 ignibus
1039 3053 1163 3120 agger,

137 3138 334 3222 congeriem
352 3138 460 3202 silvae
476 3136 657 3206 Nemeaeo
673 3140 800 3206 vellere
816 3160 987 3204 summam
1136 3167 1187 3223 235

139 3243 270 3319 sternis,
288 3254 322 3309 et
338 3243 498 3329 imposita
515 3246 636 3310 clavae
653 3245 788 3310 cervice
805 3243 988 3318 recumbis,

138 3344 224 3414 haud
240 3349 314 3416 alio
329 3350 442 3427 vultu,
459 3373 564 3439 quam
582 3353 611 3418 si
628 3351 773 3417 conviva
786 3349 920 3437 J‘aceres

139 3449 218 3519 inter
233 3458 344 3544 plena
361 3457 447 3522 meri
466 3458 643 3524 redimitus
660 3455 785 3542 pocula
801 3453 911 3519 sertis.

174 3560 326 3650 Jamque
341 3564 464 3630 valens
481 3574 516 3629 et
531 3564 566 3628 in
583 3582 686 3628 omne
701 3561 790 3625 latus
806 3557 932 3622 diffusa
948 3553 1104 3630 sonabat,

140 3685 347 3758 securosque
364 3680 458 3735 artus
474 3678 812 3752 contemptoremque
829 3660 966 3744 petebat
1141 3689 1194 3742 240

138 3770 274 3842 flamma
292 3798 411 3844 suum.
459 3774 625 3838 Timuere
641 3769 697 3835 dei
715 3788 777 3852 pro
793 3762 929 3827 vindice
945 3771 1076 3822 terrae:

139 3901 216 3968 quos
232 3890 299 3962 ita,
317 3881 429 3950 sensit
445 3879 551 3954 enim,
569 3878 660 3941 laeto
677 3866 861 3936 Saturnius
877 3882 936 3924 ore

136 3987 290 4081 Juppiter
309 3985 530 4072 adloquitur:
557 3979 712 4046 ‘Nostra
727 3980 780 4033 est
794 3967 895 4028 timor
910 3963 973 4022 iste
988 3961 1158 4041 voluptas,
