<?xml version="1.0" encoding="UTF-8"?>
<!DOCTYPE html PUBLIC "-//W3C//DTD XHTML 1.0 Transitional//EN"
    "http://www.w3.org/TR/xhtml1/DTD/xhtml1-transitional.dtd">
<html xmlns="http://www.w3.org/1999/xhtml" xml:lang="en" lang="en">
 <head>
  <title>
</title>
<meta http-equiv="Content-Type" content="text/html;charset=utf-8" />
  <meta name='ocr-system' content='tesseract 3.04.00' />
  <meta name='ocr-capabilities' content='ocr_page ocr_carea ocr_par ocr_line ocrx_word'/>
</head>
<body>
  <div class='ocr_page' id='page_1' title='image "./poemataquaedame01ovidgoog_0123.png"; bbox 0 0 2767 4467; ppageno 0'>
   <div class='ocr_carea' id='block_1_1' title="bbox 146 269 1192 360">
    <p class='ocr_par' dir='ltr' id='par_1_1' title="bbox 146 269 1192 360">
     <span class='ocr_line' id='line_1_1' title="bbox 146 269 1192 360; baseline -0.009 -20"><span class='ocrx_word' id='word_1_1' title='bbox 146 285 281 360; x_wconf 83' lang='lat' dir='ltr'>x1.169.]</span> <span class='ocrx_word' id='word_1_2' title='bbox 383 271 525 339; x_wconf 79' lang='lat' dir='ltr'>Contest</span> <span class='ocrx_word' id='word_1_3' title='bbox 546 270 592 357; x_wconf 82' lang='lat' dir='ltr'>of</span> <span class='ocrx_word' id='word_1_4' title='bbox 603 270 684 338; x_wconf 84' lang='lat' dir='ltr'>Pan</span> <span class='ocrx_word' id='word_1_5' title='bbox 708 269 783 336; x_wconf 80' lang='lat' dir='ltr'>and</span> <span class='ocrx_word' id='word_1_6' title='bbox 801 269 944 358; x_wconf 80' lang='lat' dir='ltr'><em>Apollo.</em></span> <span class='ocrx_word' id='word_1_7' title='bbox 1127 282 1192 354; x_wconf 89' lang='lat'>109</span> 
     </span>
    </p>
   </div>
   <div class='ocr_carea' id='block_1_2' title="bbox 137 465 1067 769">
    <p class='ocr_par' dir='ltr' id='par_1_2' title="bbox 137 465 1067 769">
     <span class='ocr_line' id='line_1_2' title="bbox 144 465 1002 556; baseline -0.001 -26"><span class='ocrx_word' id='word_1_8' title='bbox 144 465 260 532; x_wconf 87' lang='lat' dir='ltr'>‘Neve</span> <span class='ocrx_word' id='word_1_9' title='bbox 276 469 372 534; x_wconf 91' lang='lat' dir='ltr'>male</span> <span class='ocrx_word' id='word_1_10' title='bbox 388 479 506 556; x_wconf 91' lang='lat' dir='ltr'>optato</span> <span class='ocrx_word' id='word_1_11' title='bbox 521 488 661 533; x_wconf 87' lang='lat' dir='ltr'>maneas</span> <span class='ocrx_word' id='word_1_12' title='bbox 678 465 888 532; x_wconf 89' lang='lat' dir='ltr'>circumlitus</span> <span class='ocrx_word' id='word_1_13' title='bbox 905 484 1002 540; x_wconf 87' lang='lat' dir='ltr'>auro,</span> 
     </span>
     <span class='ocr_line' id='line_1_3' title="bbox 139 571 1067 661; baseline 0 -25"><span class='ocrx_word' id='word_1_14' title='bbox 139 573 240 638; x_wconf 86' lang='lat' dir='ltr'>vade&#39;</span> <span class='ocrx_word' id='word_1_15' title='bbox 255 573 304 639; x_wconf 89' lang='lat' dir='ltr'>ait</span> <span class='ocrx_word' id='word_1_16' title='bbox 322 575 392 640; x_wconf 86' lang='lat' dir='ltr'>‘ad</span> <span class='ocrx_word' id='word_1_17' title='bbox 410 574 546 661; x_wconf 90' lang='lat' dir='ltr'>magnis</span> <span class='ocrx_word' id='word_1_18' title='bbox 562 574 713 639; x_wconf 92' lang='lat' dir='ltr'>vicinum</span> <span class='ocrx_word' id='word_1_19' title='bbox 730 571 897 638; x_wconf 84' lang='lat' dir='ltr'>Sardibus</span> <span class='ocrx_word' id='word_1_20' title='bbox 914 591 1067 647; x_wconf 87' lang='lat' dir='ltr'>amnem,</span> 
     </span>
     <span class='ocr_line' id='line_1_4' title="bbox 137 677 1009 769; baseline -0.001 -24"><span class='ocrx_word' id='word_1_21' title='bbox 137 699 260 765; x_wconf 85' lang='lat' dir='ltr'>perque</span> <span class='ocrx_word' id='word_1_22' title='bbox 272 680 402 769; x_wconf 85' lang='lat' dir='ltr'>jugum</span> <span class='ocrx_word' id='word_1_23' title='bbox 422 680 544 745; x_wconf 90' lang='lat' dir='ltr'>montis</span> <span class='ocrx_word' id='word_1_24' title='bbox 560 679 754 745; x_wconf 85' lang='lat' dir='ltr'>labentibus</span> <span class='ocrx_word' id='word_1_25' title='bbox 769 677 890 744; x_wconf 89' lang='lat' dir='ltr'>obvius</span> <span class='ocrx_word' id='word_1_26' title='bbox 906 678 1009 744; x_wconf 90' lang='lat' dir='ltr'>undis</span> 
     </span>
    </p>
   </div>
   <div class='ocr_carea' id='block_1_3' title="bbox 128 781 1189 4058">
    <p class='ocr_par' dir='ltr' id='par_1_3' title="bbox 128 781 1189 4058">
     <span class='ocr_line' id='line_1_5' title="bbox 137 781 988 870; baseline 0.002 -22"><span class='ocrx_word' id='word_1_27' title='bbox 137 781 234 870; x_wconf 76' lang='lat' dir='ltr'>ca&#39;rpe</span> <span class='ocrx_word' id='word_1_28' title='bbox 250 785 362 863; x_wconf 88' lang='lat' dir='ltr'>viam,</span> <span class='ocrx_word' id='word_1_29' title='bbox 379 786 494 852; x_wconf 89' lang='lat' dir='ltr'>donec</span> <span class='ocrx_word' id='word_1_30' title='bbox 508 786 627 850; x_wconf 88' lang='lat' dir='ltr'>venias</span> <span class='ocrx_word' id='word_1_31' title='bbox 643 786 688 850; x_wconf 94' lang='lat' dir='ltr'>ad</span> <span class='ocrx_word' id='word_1_32' title='bbox 705 783 856 848; x_wconf 87' lang='lat' dir='ltr'>fluminis</span> <span class='ocrx_word' id='word_1_33' title='bbox 873 795 988 859; x_wconf 89' lang='lat' dir='ltr'>ortus;</span> 
     </span>
     <span class='ocr_line' id='line_1_6' title="bbox 135 891 1189 979; baseline 0.003 -26"><span class='ocrx_word' id='word_1_34' title='bbox 135 892 404 979; x_wconf 83' lang='lat' dir='ltr'>spumigeroque</span> <span class='ocrx_word' id='word_1_35' title='bbox 420 903 517 957; x_wconf 88' lang='lat' dir='ltr'>tuum</span> <span class='ocrx_word' id='word_1_36' title='bbox 533 891 630 967; x_wconf 85' lang='lat' dir='ltr'>fonti,</span> <span class='ocrx_word' id='word_1_37' title='bbox 647 911 716 977; x_wconf 94' lang='lat' dir='ltr'>quo</span> <span class='ocrx_word' id='word_1_38' title='bbox 733 891 901 976; x_wconf 90' lang='lat' dir='ltr'>plurimus</span> <span class='ocrx_word' id='word_1_39' title='bbox 918 891 1000 967; x_wconf 85' lang='lat' dir='ltr'>exit,</span> <span class='ocrx_word' id='word_1_40' title='bbox 1139 923 1189 976; x_wconf 80' lang='lat'>¹40</span> 
     </span>
     <span class='ocr_line' id='line_1_7' title="bbox 134 995 1108 1085; baseline 0.004 -24"><span class='ocrx_word' id='word_1_41' title='bbox 134 997 238 1062; x_wconf 82' lang='lat' dir='ltr'>subde</span> <span class='ocrx_word' id='word_1_42' title='bbox 255 1009 376 1083; x_wconf 90' lang='lat' dir='ltr'>caput,</span> <span class='ocrx_word' id='word_1_43' title='bbox 394 1018 587 1085; x_wconf 87' lang='lat' dir='ltr'>corpusque</span> <span class='ocrx_word' id='word_1_44' title='bbox 604 996 721 1070; x_wconf 89' lang='lat' dir='ltr'>simul,</span> <span class='ocrx_word' id='word_1_45' title='bbox 739 995 841 1062; x_wconf 89' lang='lat' dir='ltr'>simul</span> <span class='ocrx_word' id='word_1_46' title='bbox 859 997 936 1063; x_wconf 91' lang='lat' dir='ltr'>elue</span> <span class='ocrx_word' id='word_1_47' title='bbox 952 996 1108 1064; x_wconf 87' lang='lat' dir='ltr'>crimeu.’</span> 
     </span>
     <span class='ocr_line' id='line_1_8' title="bbox 132 1100 988 1191; baseline 0.006 -26"><span class='ocrx_word' id='word_1_48' title='bbox 132 1122 193 1166; x_wconf 84' lang='lat' dir='ltr'>rex</span> <span class='ocrx_word' id='word_1_49' title='bbox 204 1102 326 1191; x_wconf 85' lang='lat' dir='ltr'>jussae</span> <span class='ocrx_word' id='word_1_50' title='bbox 343 1104 498 1169; x_wconf 88' lang='lat' dir='ltr'>succedit</span> <span class='ocrx_word' id='word_1_51' title='bbox 513 1124 635 1190; x_wconf 89' lang='lat' dir='ltr'>aquae.</span> <span class='ocrx_word' id='word_1_52' title='bbox 683 1100 749 1168; x_wconf 92' lang='lat' dir='ltr'>Vis</span> <span class='ocrx_word' id='word_1_53' title='bbox 767 1123 871 1168; x_wconf 85' lang='lat' dir='ltr'>aurea</span> <span class='ocrx_word' id='word_1_54' title='bbox 888 1103 988 1170; x_wconf 87' lang='lat' dir='ltr'>tinxit</span> 
     </span>
     <span class='ocr_line' id='line_1_9' title="bbox 131 1207 1051 1294; baseline 0.008 -24"><span class='ocrx_word' id='word_1_55' title='bbox 131 1207 273 1287; x_wconf 89' lang='lat' dir='ltr'>flumen,</span> <span class='ocrx_word' id='word_1_56' title='bbox 293 1221 327 1276; x_wconf 89' lang='lat' dir='ltr'>et</span> <span class='ocrx_word' id='word_1_57' title='bbox 342 1211 497 1275; x_wconf 89' lang='lat' dir='ltr'>humano</span> <span class='ocrx_word' id='word_1_58' title='bbox 512 1210 556 1274; x_wconf 90' lang='lat' dir='ltr'>de</span> <span class='ocrx_word' id='word_1_59' title='bbox 572 1229 715 1294; x_wconf 90' lang='lat' dir='ltr'>corpore</span> <span class='ocrx_word' id='word_1_60' title='bbox 732 1209 833 1277; x_wconf 84' lang='lat' dir='ltr'>cessit</span> <span class='ocrx_word' id='word_1_61' title='bbox 849 1211 883 1275; x_wconf 89' lang='lat' dir='ltr'>iu</span> <span class='ocrx_word' id='word_1_62' title='bbox 900 1231 1051 1277; x_wconf 88' lang='lat' dir='ltr'>amnem.</span> 
     </span>
     <span class='ocr_line' id='line_1_10' title="bbox 131 1315 1059 1404; baseline 0.008 -26"><span class='ocrx_word' id='word_1_63' title='bbox 131 1335 222 1380; x_wconf 90' lang='lat' dir='ltr'>nunc</span> <span class='ocrx_word' id='word_1_64' title='bbox 238 1337 380 1404; x_wconf 89' lang='lat' dir='ltr'>quoque</span> <span class='ocrx_word' id='word_1_65' title='bbox 392 1315 466 1404; x_wconf 87' lang='lat' dir='ltr'>jam</span> <span class='ocrx_word' id='word_1_66' title='bbox 483 1315 607 1380; x_wconf 86' lang='lat' dir='ltr'>veteris</span> <span class='ocrx_word' id='word_1_67' title='bbox 624 1328 787 1403; x_wconf 87' lang='lat' dir='ltr'>percepto</span> <span class='ocrx_word' id='word_1_68' title='bbox 804 1316 934 1382; x_wconf 89' lang='lat' dir='ltr'>semine</span> <span class='ocrx_word' id='word_1_69' title='bbox 951 1339 1059 1385; x_wconf 87' lang='lat' dir='ltr'>venae</span> 
     </span>
     <span class='ocr_line' id='line_1_11' title="bbox 131 1422 1186 1512; baseline 0.007 -28"><span class='ocrx_word' id='word_1_70' title='bbox 131 1441 212 1486; x_wconf 90' lang='lat' dir='ltr'>arva</span> <span class='ocrx_word' id='word_1_71' title='bbox 228 1423 348 1512; x_wconf 87' lang='lat' dir='ltr'>rigent</span> <span class='ocrx_word' id='word_1_72' title='bbox 364 1444 451 1487; x_wconf 86' lang='lat' dir='ltr'>auro</span> <span class='ocrx_word' id='word_1_73' title='bbox 466 1422 612 1488; x_wconf 87' lang='lat' dir='ltr'>madidis</span> <span class='ocrx_word' id='word_1_74' title='bbox 630 1423 793 1508; x_wconf 90' lang='lat' dir='ltr'>pallentia</span> <span class='ocrx_word' id='word_1_75' title='bbox 810 1425 934 1512; x_wconf 81' lang='lat' dir='ltr'>glebis.</span> <span class='ocrx_word' id='word_1_76' title='bbox 1137 1455 1186 1512; x_wconf 80' lang='lat'>145</span> 
     </span>
     <span class='ocr_line' id='line_1_12' title="bbox 174 1514 963 1616; baseline 0.009 -26"><span class='ocrx_word' id='word_1_77' title='bbox 174 1527 254 1605; x_wconf 91' lang='lat' dir='ltr'>Ille,</span> <span class='ocrx_word' id='word_1_78' title='bbox 272 1550 420 1616; x_wconf 93' lang='lat' dir='ltr'>perosus</span> <span class='ocrx_word' id='word_1_79' title='bbox 435 1514 532 1614; x_wconf 86' lang='lat' dir='ltr'>opes,</span> <span class='ocrx_word' id='word_1_80' title='bbox 551 1529 655 1596; x_wconf 87' lang='lat' dir='ltr'>silvas</span> <span class='ocrx_word' id='word_1_81' title='bbox 671 1541 704 1594; x_wconf 91' lang='lat' dir='ltr'>et</span> <span class='ocrx_word' id='word_1_82' title='bbox 720 1551 799 1594; x_wconf 87' lang='lat' dir='ltr'>rura</span> <span class='ocrx_word' id='word_1_83' title='bbox 816 1531 963 1606; x_wconf 90' lang='lat' dir='ltr'>colebat,</span> 
     </span>
     <span class='ocr_line' id='line_1_13' title="bbox 130 1631 1056 1724; baseline 0.006 -27"><span class='ocrx_word' id='word_1_84' title='bbox 130 1631 301 1724; x_wconf 89' lang='lat' dir='ltr'>Panaque</span> <span class='ocrx_word' id='word_1_85' title='bbox 318 1634 490 1701; x_wconf 88' lang='lat' dir='ltr'>montanis</span> <span class='ocrx_word' id='word_1_86' title='bbox 506 1636 715 1701; x_wconf 86' lang='lat' dir='ltr'>habitantem</span> <span class='ocrx_word' id='word_1_87' title='bbox 734 1657 870 1722; x_wconf 86' lang='lat' dir='ltr'>semper</span> <span class='ocrx_word' id='word_1_88' title='bbox 885 1637 921 1702; x_wconf 92' lang='lat' dir='ltr'>in</span> <span class='ocrx_word' id='word_1_89' title='bbox 938 1639 1056 1705; x_wconf 84' lang='lat' dir='ltr'>antris.</span> 
     </span>
     <span class='ocr_line' id='line_1_14' title="bbox 131 1739 1124 1831; baseline 0.007 -28"><span class='ocrx_word' id='word_1_90' title='bbox 131 1739 261 1830; x_wconf 83' lang='lat' dir='ltr'>pingue</span> <span class='ocrx_word' id='word_1_91' title='bbox 278 1743 341 1808; x_wconf 91' lang='lat' dir='ltr'>sed</span> <span class='ocrx_word' id='word_1_92' title='bbox 358 1742 538 1830; x_wconf 87' lang='lat' dir='ltr'>ingenium</span> <span class='ocrx_word' id='word_1_93' title='bbox 554 1743 700 1817; x_wconf 84' lang='lat' dir='ltr'>mansit3</span> <span class='ocrx_word' id='word_1_94' title='bbox 726 1743 961 1831; x_wconf 88' lang='lat' dir='ltr'>nocituraque,</span> <span class='ocrx_word' id='word_1_95' title='bbox 980 1756 1016 1809; x_wconf 91' lang='lat' dir='ltr'>ut</span> <span class='ocrx_word' id='word_1_96' title='bbox 1032 1755 1124 1822; x_wconf 86' lang='lat' dir='ltr'>ante,</span> 
     </span>
     <span class='ocr_line' id='line_1_15' title="bbox 130 1845 1048 1933; baseline 0.005 -25"><span class='ocrx_word' id='word_1_97' title='bbox 130 1865 249 1912; x_wconf 91' lang='lat' dir='ltr'>rursus</span> <span class='ocrx_word' id='word_1_98' title='bbox 265 1857 365 1912; x_wconf 90' lang='lat' dir='ltr'>erant</span> <span class='ocrx_word' id='word_1_99' title='bbox 381 1845 521 1912; x_wconf 91' lang='lat' dir='ltr'>domino</span> <span class='ocrx_word' id='word_1_100' title='bbox 536 1847 679 1912; x_wconf 88' lang='lat' dir='ltr'>stolidae</span> <span class='ocrx_word' id='word_1_101' title='bbox 696 1846 897 1933; x_wconf 88' lang='lat' dir='ltr'>praecordia</span> <span class='ocrx_word' id='word_1_102' title='bbox 915 1849 1048 1918; x_wconf 86' lang='lat' dir='ltr'>mentis.</span> 
     </span>
     <span class='ocr_line' id='line_1_16' title="bbox 130 1952 1186 2042; baseline 0.01 -26"><span class='ocrx_word' id='word_1_103' title='bbox 130 1973 210 2017; x_wconf 88' lang='lat' dir='ltr'>nam</span> <span class='ocrx_word' id='word_1_104' title='bbox 228 1955 318 2019; x_wconf 81' lang='lat' dir='ltr'>freta</span> <span class='ocrx_word' id='word_1_105' title='bbox 334 1952 547 2039; x_wconf 90' lang='lat' dir='ltr'>prospiciens</span> <span class='ocrx_word' id='word_1_106' title='bbox 563 1954 630 2018; x_wconf 87' lang='lat' dir='ltr'>late</span> <span class='ocrx_word' id='word_1_107' title='bbox 647 1953 737 2040; x_wconf 87' lang='lat' dir='ltr'>riget</span> <span class='ocrx_word' id='word_1_108' title='bbox 753 1954 881 2019; x_wconf 89' lang='lat' dir='ltr'>arduus</span> <span class='ocrx_word' id='word_1_109' title='bbox 897 1955 965 2021; x_wconf 86' lang='lat' dir='ltr'>alto</span> <span class='ocrx_word' id='word_1_110' title='bbox 1136 1986 1186 2042; x_wconf 83' lang='lat'>¹50</span> 
     </span>
     <span class='ocr_line' id='line_1_17' title="bbox 129 2057 1020 2148; baseline 0.007 -26"><span class='ocrx_word' id='word_1_111' title='bbox 129 2057 280 2127; x_wconf 86' lang='lat' dir='ltr'>Tmolus</span> <span class='ocrx_word' id='word_1_112' title='bbox 295 2060 331 2125; x_wconf 91' lang='lat' dir='ltr'>in</span> <span class='ocrx_word' id='word_1_113' title='bbox 347 2080 507 2135; x_wconf 89' lang='lat' dir='ltr'>ascensu,</span> <span class='ocrx_word' id='word_1_114' title='bbox 526 2060 682 2147; x_wconf 90' lang='lat' dir='ltr'>clivoque</span> <span class='ocrx_word' id='word_1_115' title='bbox 699 2072 861 2126; x_wconf 87' lang='lat' dir='ltr'>extensus</span> <span class='ocrx_word' id='word_1_116' title='bbox 877 2071 1020 2148; x_wconf 90' lang='lat' dir='ltr'>utroque</span> 
     </span>
     <span class='ocr_line' id='line_1_18' title="bbox 131 2163 996 2254; baseline 0.001 -24"><span class='ocrx_word' id='word_1_117' title='bbox 131 2163 302 2234; x_wconf 86' lang='lat' dir='ltr'>Sardibus</span> <span class='ocrx_word' id='word_1_118' title='bbox 317 2168 413 2244; x_wconf 92' lang='lat' dir='ltr'>hinc,</span> <span class='ocrx_word' id='word_1_119' title='bbox 431 2166 525 2232; x_wconf 91' lang='lat' dir='ltr'>illinc</span> <span class='ocrx_word' id='word_1_120' title='bbox 541 2165 656 2252; x_wconf 90' lang='lat' dir='ltr'>parvis</span> <span class='ocrx_word' id='word_1_121' title='bbox 671 2167 788 2232; x_wconf 88' lang='lat' dir='ltr'>finitur</span> <span class='ocrx_word' id='word_1_122' title='bbox 804 2166 996 2254; x_wconf 87' lang='lat' dir='ltr'>Hypaepis.</span> 
     </span>
     <span class='ocr_line' id='line_1_19' title="bbox 130 2271 1071 2362; baseline 0.003 -25"><span class='ocrx_word' id='word_1_123' title='bbox 130 2271 206 2340; x_wconf 88' lang='lat' dir='ltr'>Pan</span> <span class='ocrx_word' id='word_1_124' title='bbox 223 2274 270 2340; x_wconf 90' lang='lat' dir='ltr'>ibi</span> <span class='ocrx_word' id='word_1_125' title='bbox 287 2275 368 2339; x_wconf 91' lang='lat' dir='ltr'>durn</span> <span class='ocrx_word' id='word_1_126' title='bbox 387 2274 513 2339; x_wconf 88' lang='lat' dir='ltr'>teneris</span> <span class='ocrx_word' id='word_1_127' title='bbox 523 2275 631 2362; x_wconf 85' lang='lat' dir='ltr'>jactat</span> <span class='ocrx_word' id='word_1_128' title='bbox 646 2294 709 2339; x_wconf 89' lang='lat' dir='ltr'>sua</span> <span class='ocrx_word' id='word_1_129' title='bbox 725 2274 876 2339; x_wconf 87' lang='lat' dir='ltr'>carmina</span> <span class='ocrx_word' id='word_1_130' title='bbox 894 2274 1071 2362; x_wconf 83' lang='lat' dir='ltr'>nymphis,</span> 
     </span>
     <span class='ocr_line' id='line_1_20' title="bbox 131 2380 952 2456; baseline 0.001 -11"><span class='ocrx_word' id='word_1_131' title='bbox 131 2391 165 2446; x_wconf 91' lang='lat' dir='ltr'>et</span> <span class='ocrx_word' id='word_1_132' title='bbox 180 2382 258 2448; x_wconf 90' lang='lat' dir='ltr'>leve</span> <span class='ocrx_word' id='word_1_133' title='bbox 274 2393 390 2447; x_wconf 89' lang='lat' dir='ltr'>cerata</span> <span class='ocrx_word' id='word_1_134' title='bbox 406 2380 600 2444; x_wconf 91' lang='lat' dir='ltr'>modulatur</span> <span class='ocrx_word' id='word_1_135' title='bbox 615 2380 783 2445; x_wconf 87' lang='lat' dir='ltr'>arundine</span> <span class='ocrx_word' id='word_1_136' title='bbox 800 2400 952 2456; x_wconf 88' lang='lat' dir='ltr'>carmen,</span> 
     </span>
     <span class='ocr_line' id='line_1_21' title="bbox 132 2486 1183 2574; baseline 0.008 -24"><span class='ocrx_word' id='word_1_137' title='bbox 132 2508 238 2555; x_wconf 91' lang='lat' dir='ltr'>ausus</span> <span class='ocrx_word' id='word_1_138' title='bbox 254 2486 460 2574; x_wconf 85' lang='lat' dir='ltr'>Apollineos</span> <span class='ocrx_word' id='word_1_139' title='bbox 475 2507 557 2572; x_wconf 92' lang='lat' dir='ltr'>prae</span> <span class='ocrx_word' id='word_1_140' title='bbox 573 2507 612 2552; x_wconf 90' lang='lat' dir='ltr'>se</span> <span class='ocrx_word' id='word_1_141' title='bbox 629 2496 846 2552; x_wconf 90' lang='lat' dir='ltr'>contemnere</span> <span class='ocrx_word' id='word_1_142' title='bbox 862 2499 997 2563; x_wconf 88' lang='lat' dir='ltr'>cantus,</span> <span class='ocrx_word' id='word_1_143' title='bbox 1138 2517 1183 2574; x_wconf 78' lang='lat'>155</span> 
     </span>
     <span class='ocr_line' id='line_1_22' title="bbox 128 2592 983 2684; baseline -0.005 -24"><span class='ocrx_word' id='word_1_144' title='bbox 128 2594 247 2684; x_wconf 81' lang='lat' dir='ltr'>judice</span> <span class='ocrx_word' id='word_1_145' title='bbox 269 2595 334 2660; x_wconf 90' lang='lat' dir='ltr'>sub</span> <span class='ocrx_word' id='word_1_146' title='bbox 356 2592 484 2658; x_wconf 90' lang='lat' dir='ltr'>Tmolo</span> <span class='ocrx_word' id='word_1_147' title='bbox 500 2604 673 2658; x_wconf 89' lang='lat' dir='ltr'>certamen</span> <span class='ocrx_word' id='word_1_148' title='bbox 689 2592 783 2658; x_wconf 87' lang='lat' dir='ltr'>venit</span> <span class='ocrx_word' id='word_1_149' title='bbox 798 2593 842 2658; x_wconf 88' lang='lat' dir='ltr'>ad</span> <span class='ocrx_word' id='word_1_150' title='bbox 859 2592 983 2678; x_wconf 86' lang='lat' dir='ltr'>impar.</span> 
     </span>
     <span class='ocr_line' id='line_1_23' title="bbox 176 2699 980 2788; baseline -0.004 -20"><span class='ocrx_word' id='word_1_151' title='bbox 176 2701 299 2769; x_wconf 91' lang='lat' dir='ltr'>Monte</span> <span class='ocrx_word' id='word_1_152' title='bbox 315 2723 379 2768; x_wconf 92' lang='lat' dir='ltr'>suo</span> <span class='ocrx_word' id='word_1_153' title='bbox 395 2700 510 2766; x_wconf 89' lang='lat' dir='ltr'>senior</span> <span class='ocrx_word' id='word_1_154' title='bbox 521 2699 630 2788; x_wconf 86' lang='lat' dir='ltr'>judex</span> <span class='ocrx_word' id='word_1_155' title='bbox 646 2699 812 2774; x_wconf 86' lang='lat' dir='ltr'>consedit,</span> <span class='ocrx_word' id='word_1_156' title='bbox 830 2710 864 2764; x_wconf 91' lang='lat' dir='ltr'>et</span> <span class='ocrx_word' id='word_1_157' title='bbox 879 2719 980 2765; x_wconf 90' lang='lat' dir='ltr'>aures</span> 
     </span>
     <span class='ocr_line' id='line_1_24' title="bbox 131 2806 1043 2895; baseline -0.004 -21"><span class='ocrx_word' id='word_1_158' title='bbox 131 2810 255 2876; x_wconf 85' lang='lat' dir='ltr'>liberat</span> <span class='ocrx_word' id='word_1_159' title='bbox 271 2808 472 2875; x_wconf 85' lang='lat' dir='ltr'>arboribus:</span> <span class='ocrx_word' id='word_1_160' title='bbox 496 2828 625 2895; x_wconf 89' lang='lat' dir='ltr'>quercu</span> <span class='ocrx_word' id='word_1_161' title='bbox 641 2826 742 2871; x_wconf 92' lang='lat' dir='ltr'>coma</span> <span class='ocrx_word' id='word_1_162' title='bbox 759 2806 897 2871; x_wconf 91' lang='lat' dir='ltr'>caerula</span> <span class='ocrx_word' id='word_1_163' title='bbox 913 2817 1043 2871; x_wconf 90' lang='lat' dir='ltr'>tantum</span> 
     </span>
     <span class='ocr_line' id='line_1_25' title="bbox 133 2910 1110 3002; baseline -0.004 -23"><span class='ocrx_word' id='word_1_164' title='bbox 133 2913 296 3002; x_wconf 87' lang='lat' dir='ltr'>cingitur,</span> <span class='ocrx_word' id='word_1_165' title='bbox 314 2924 347 2978; x_wconf 90' lang='lat' dir='ltr'>et</span> <span class='ocrx_word' id='word_1_166' title='bbox 364 2911 514 2998; x_wconf 90' lang='lat' dir='ltr'>pendent</span> <span class='ocrx_word' id='word_1_167' title='bbox 530 2910 660 2977; x_wconf 89' lang='lat' dir='ltr'>circum</span> <span class='ocrx_word' id='word_1_168' title='bbox 678 2929 765 2974; x_wconf 89' lang='lat' dir='ltr'>cava</span> <span class='ocrx_word' id='word_1_169' title='bbox 781 2920 934 2994; x_wconf 92' lang='lat' dir='ltr'>tempora</span> <span class='ocrx_word' id='word_1_170' title='bbox 951 2910 1110 2998; x_wconf 87' lang='lat' dir='ltr'>glandes.</span> 
     </span>
     <span class='ocr_line' id='line_1_26' title="bbox 131 3015 1185 3108; baseline -0.003 -24"><span class='ocrx_word' id='word_1_171' title='bbox 131 3020 230 3108; x_wconf 90' lang='lat' dir='ltr'>isque</span> <span class='ocrx_word' id='word_1_172' title='bbox 247 3020 351 3085; x_wconf 89' lang='lat' dir='ltr'>deum</span> <span class='ocrx_word' id='word_1_173' title='bbox 367 3018 501 3105; x_wconf 87' lang='lat' dir='ltr'>pecoris</span> <span class='ocrx_word' id='word_1_174' title='bbox 517 3030 691 3104; x_wconf 89' lang='lat' dir='ltr'>spectans,</span> <span class='ocrx_word' id='word_1_175' title='bbox 711 3016 776 3081; x_wconf 87' lang='lat' dir='ltr'>‘In</span> <span class='ocrx_word' id='word_1_176' title='bbox 789 3015 925 3105; x_wconf 86' lang='lat' dir='ltr'>judice&#39;</span> <span class='ocrx_word' id='word_1_177' title='bbox 940 3017 1025 3082; x_wconf 92' lang='lat' dir='ltr'>dixit</span> <span class='ocrx_word' id='word_1_178' title='bbox 1135 3033 1185 3089; x_wconf 84' lang='lat'>160</span> 
     </span>
     <span class='ocr_line' id='line_1_27' title="bbox 133 3122 1114 3213; baseline -0.005 -21"><span class='ocrx_word' id='word_1_179' title='bbox 133 3127 257 3192; x_wconf 86' lang='lat' dir='ltr'>‘nulla</span> <span class='ocrx_word' id='word_1_180' title='bbox 273 3146 369 3190; x_wconf 89' lang='lat' dir='ltr'>mora</span> <span class='ocrx_word' id='word_1_181' title='bbox 386 3124 461 3190; x_wconf 62' lang='lat' dir='ltr'>est?</span> <span class='ocrx_word' id='word_1_182' title='bbox 507 3124 661 3191; x_wconf 88' lang='lat' dir='ltr'>Calamis</span> <span class='ocrx_word' id='word_1_183' title='bbox 678 3123 871 3213; x_wconf 88' lang='lat' dir='ltr'>agrestibus</span> <span class='ocrx_word' id='word_1_184' title='bbox 887 3122 1021 3188; x_wconf 91' lang='lat' dir='ltr'>insonat</span> <span class='ocrx_word' id='word_1_185' title='bbox 1037 3123 1114 3188; x_wconf 87' lang='lat' dir='ltr'>ille:</span> 
     </span>
     <span class='ocr_line' id='line_1_28' title="bbox 129 3229 1118 3318; baseline -0.007 -19"><span class='ocrx_word' id='word_1_186' title='bbox 129 3231 382 3318; x_wconf 90' lang='lat' dir='ltr'>barbaricoque</span> <span class='ocrx_word' id='word_1_187' title='bbox 399 3230 522 3297; x_wconf 90' lang='lat' dir='ltr'>Midan</span> <span class='ocrx_word' id='word_1_188' title='bbox 534 3232 710 3297; x_wconf 89' lang='lat' dir='ltr'>-aderat</span> <span class='ocrx_word' id='word_1_189' title='bbox 726 3253 807 3297; x_wconf 89' lang='lat' dir='ltr'>nam</span> <span class='ocrx_word' id='word_1_190' title='bbox 824 3229 908 3296; x_wconf 84' lang='lat' dir='ltr'>forte</span> <span class='ocrx_word' id='word_1_191' title='bbox 924 3229 1060 3294; x_wconf 91' lang='lat' dir='ltr'>canenti</span> <span class='ocrx_word' id='word_1_192' title='bbox 1072 3267 1118 3280; x_wconf 90' lang='lat'><em>-</em></span> 
     </span>
     <span class='ocr_line' id='line_1_29' title="bbox 131 3335 1024 3406; baseline -0.004 -1"><span class='ocrx_word' id='word_1_193' title='bbox 131 3339 288 3406; x_wconf 86' lang='lat' dir='ltr'>carmine</span> <span class='ocrx_word' id='word_1_194' title='bbox 305 3336 444 3403; x_wconf 90' lang='lat' dir='ltr'>delenit.</span> <span class='ocrx_word' id='word_1_195' title='bbox 493 3337 576 3404; x_wconf 91' lang='lat' dir='ltr'>Post</span> <span class='ocrx_word' id='word_1_196' title='bbox 591 3338 684 3402; x_wconf 93' lang='lat' dir='ltr'>hunc</span> <span class='ocrx_word' id='word_1_197' title='bbox 700 3359 799 3404; x_wconf 91' lang='lat' dir='ltr'>sacer</span> <span class='ocrx_word' id='word_1_198' title='bbox 815 3359 875 3403; x_wconf 87' lang='lat' dir='ltr'>ora</span> <span class='ocrx_word' id='word_1_199' title='bbox 892 3335 1024 3402; x_wconf 90' lang='lat' dir='ltr'>retorsit</span> 
     </span>
     <span class='ocr_line' id='line_1_30' title="bbox 129 3443 1115 3512; baseline -0.005 -1"><span class='ocrx_word' id='word_1_200' title='bbox 129 3446 280 3512; x_wconf 91' lang='lat' dir='ltr'>Tmolus</span> <span class='ocrx_word' id='word_1_201' title='bbox 297 3445 342 3510; x_wconf 88' lang='lat' dir='ltr'>ad</span> <span class='ocrx_word' id='word_1_202' title='bbox 357 3467 396 3509; x_wconf 91' lang='lat' dir='ltr'>os</span> <span class='ocrx_word' id='word_1_203' title='bbox 412 3443 565 3509; x_wconf 80' lang='lat' dir='ltr'>Phoebir</span> <span class='ocrx_word' id='word_1_204' title='bbox 589 3445 720 3509; x_wconf 90' lang='lat' dir='ltr'>vultum</span> <span class='ocrx_word' id='word_1_205' title='bbox 737 3466 800 3510; x_wconf 89' lang='lat' dir='ltr'>sua</span> <span class='ocrx_word' id='word_1_206' title='bbox 817 3445 902 3512; x_wconf 90' lang='lat' dir='ltr'>silva</span> <span class='ocrx_word' id='word_1_207' title='bbox 920 3455 1036 3510; x_wconf 90' lang='lat' dir='ltr'>secuta</span> <span class='ocrx_word' id='word_1_208' title='bbox 1054 3453 1115 3510; x_wconf 89' lang='lat' dir='ltr'>est.</span> 
     </span>
     <span class='ocr_line' id='line_1_31' title="bbox 175 3549 1184 3636; baseline 0.002 -18"><span class='ocrx_word' id='word_1_209' title='bbox 175 3553 255 3628; x_wconf 91' lang='lat' dir='ltr'>Ille,</span> <span class='ocrx_word' id='word_1_210' title='bbox 275 3561 379 3636; x_wconf 91' lang='lat' dir='ltr'>caput</span> <span class='ocrx_word' id='word_1_211' title='bbox 393 3549 521 3613; x_wconf 88' lang='lat' dir='ltr'>flavum</span> <span class='ocrx_word' id='word_1_212' title='bbox 539 3549 637 3614; x_wconf 89' lang='lat' dir='ltr'>lauro</span> <span class='ocrx_word' id='word_1_213' title='bbox 653 3549 843 3616; x_wconf 86' lang='lat' dir='ltr'>Parnaside</span> <span class='ocrx_word' id='word_1_214' title='bbox 860 3553 1008 3628; x_wconf 87' lang='lat' dir='ltr'>vinctus,</span> <span class='ocrx_word' id='word_1_215' title='bbox 1136 3567 1184 3636; x_wconf 84' lang='lat'>1⁶5</span> 
     </span>
     <span class='ocr_line' id='line_1_32' title="bbox 129 3655 968 3744; baseline -0.001 -18"><span class='ocrx_word' id='word_1_216' title='bbox 129 3660 236 3726; x_wconf 88' lang='lat' dir='ltr'>verrit</span> <span class='ocrx_word' id='word_1_217' title='bbox 251 3659 396 3722; x_wconf 88' lang='lat' dir='ltr'>humum</span> <span class='ocrx_word' id='word_1_218' title='bbox 413 3655 522 3742; x_wconf 89' lang='lat' dir='ltr'>Tyrio</span> <span class='ocrx_word' id='word_1_219' title='bbox 539 3667 688 3721; x_wconf 90' lang='lat' dir='ltr'>saturata</span> <span class='ocrx_word' id='word_1_220' title='bbox 706 3657 835 3723; x_wconf 89' lang='lat' dir='ltr'>murice</span> <span class='ocrx_word' id='word_1_221' title='bbox 854 3661 968 3744; x_wconf 80' lang='lat' dir='ltr'>palla3</span> 
     </span>
     <span class='ocr_line' id='line_1_33' title="bbox 130 3761 1010 3849; baseline -0.001 -17"><span class='ocrx_word' id='word_1_222' title='bbox 130 3764 391 3849; x_wconf 88' lang='lat' dir='ltr'>instrictamque</span> <span class='ocrx_word' id='word_1_223' title='bbox 407 3762 509 3826; x_wconf 85' lang='lat' dir='ltr'>fidem</span> <span class='ocrx_word' id='word_1_224' title='bbox 527 3761 674 3848; x_wconf 88' lang='lat' dir='ltr'>gemmis</span> <span class='ocrx_word' id='word_1_225' title='bbox 692 3773 725 3826; x_wconf 92' lang='lat' dir='ltr'>et</span> <span class='ocrx_word' id='word_1_226' title='bbox 740 3763 898 3830; x_wconf 91' lang='lat' dir='ltr'>dentibus</span> <span class='ocrx_word' id='word_1_227' title='bbox 915 3765 1010 3831; x_wconf 91' lang='lat' dir='ltr'>Indis</span> 
     </span>
     <span class='ocr_line' id='line_1_34' title="bbox 133 3867 1035 3955; baseline -0.002 -17"><span class='ocrx_word' id='word_1_228' title='bbox 133 3872 276 3938; x_wconf 89' lang='lat' dir='ltr'>sustinet</span> <span class='ocrx_word' id='word_1_229' title='bbox 292 3890 314 3934; x_wconf 88' lang='lat' dir='ltr'>a</span> <span class='ocrx_word' id='word_1_230' title='bbox 331 3869 444 3943; x_wconf 89' lang='lat' dir='ltr'>laeva,</span> <span class='ocrx_word' id='word_1_231' title='bbox 462 3867 570 3931; x_wconf 90' lang='lat' dir='ltr'>tenuit</span> <span class='ocrx_word' id='word_1_232' title='bbox 586 3889 708 3933; x_wconf 89' lang='lat' dir='ltr'>manus</span> <span class='ocrx_word' id='word_1_233' title='bbox 725 3868 831 3932; x_wconf 90' lang='lat' dir='ltr'>altera</span> <span class='ocrx_word' id='word_1_234' title='bbox 847 3870 1035 3955; x_wconf 83' lang='lat' dir='ltr'>plectrum:</span> 
     </span>
     <span class='ocr_line' id='line_1_35' title="bbox 131 3971 1003 4058; baseline -0.007 -13"><span class='ocrx_word' id='word_1_235' title='bbox 131 3977 272 4045; x_wconf 81' lang='lat' dir='ltr'>artificis</span> <span class='ocrx_word' id='word_1_236' title='bbox 289 3983 401 4040; x_wconf 83' lang='lat' dir='ltr'>status</span> <span class='ocrx_word' id='word_1_237' title='bbox 417 3971 491 4058; x_wconf 89' lang='lat' dir='ltr'>ipse</span> <span class='ocrx_word' id='word_1_238' title='bbox 507 3971 582 4036; x_wconf 82' lang='lat' dir='ltr'>suit.</span> <span class='ocrx_word' id='word_1_239' title='bbox 628 3972 723 4035; x_wconf 91' lang='lat' dir='ltr'>Turn</span> <span class='ocrx_word' id='word_1_240' title='bbox 739 3973 886 4036; x_wconf 86' lang='lat' dir='ltr'>stamina</span> <span class='ocrx_word' id='word_1_241' title='bbox 903 3975 1003 4040; x_wconf 90' lang='lat' dir='ltr'>docto</span> 
     </span>
    </p>
   </div>
   <div class='ocr_carea' id='block_1_4' title="bbox 0 0 1388 4467">
    <p class='ocr_par' dir='ltr' id='par_1_4' title="bbox 0 0 1388 4467">
     <span class='ocr_line' id='line_1_36' title="bbox 0 0 1388 4467; baseline 0 4"><span class='ocrx_word' id='word_1_242' title='bbox 0 0 1388 4467; x_wconf 95' lang='lat' dir='ltr'> </span> 
     </span>
    </p>
   </div>
  </div>
 </body>
</html>
