2767 4467
210 264 274 331 128
433 263 587 351 Rraalry
610 263 659 349 of
670 261 771 351 Ajax
793 262 867 326 and
894 260 1043 348 ulysses.
1118 273 1260 350 [Marna
1356 341 1357 354 χ

112 520 121 536 ,
208 483 297 550 quae
313 460 378 527 nisi
394 460 567 537 fecissem,
585 461 709 527 frustra
724 461 916 526 Telamone
933 469 1069 525 creatus

208 578 377 656 gestasset
391 569 491 633 laeva
508 578 682 633 taurorum
699 579 836 655 tergora
853 578 998 652 septem.

208 675 266 738 iila
284 685 384 740 nocte
401 674 485 738 mihi
500 674 629 763 Trojae
645 673 787 739 victoria
804 684 900 759 parta
917 684 988 738 est:

208 780 382 868 Pergama
398 790 480 846 tunc
495 781 575 855 vici,
594 801 674 845 cum
688 780 781 845 vinci
798 801 898 866 posse
915 779 1026 867 coegi.

255 895 264 925 ‘
281 885 411 950 Desine
427 885 591 971 Tydiden
606 885 770 970 vultuque
787 894 821 948 et
837 905 1009 948 murmure
1026 883 1126 949 nobis
1209 917 1260 971 350

208 1001 378 1057 ostentare
396 1013 533 1056 meum:
556 1013 636 1077 pars
653 1002 704 1055 est
720 1011 783 1056 sua
799 990 911 1055 laudis
927 989 961 1054 in
979 991 1049 1054 illo.

208 1119 274 1164 nec
289 1110 338 1172 tu,
356 1120 436 1163 curn
452 1098 545 1164 socia
562 1097 712 1184 clipeum
728 1119 789 1183 pro
806 1097 917 1161 classe
933 1097 1087 1173 tenebaS,

208 1205 302 1306 qpius
318 1226 418 1269 eras:
441 1205 502 1269 tibi
518 1205 617 1268 turba
633 1225 763 1278 comes,
782 1202 866 1266 mihi
883 1202 1025 1290 contigit
1039 1225 1152 1279 unus;

208 1310 266 1396 qui
283 1310 348 1376 nisi
365 1331 562 1396 pugnacem
579 1310 681 1374 sciret
697 1309 850 1395 sapiente
866 1309 1033 1374 minorem

207 1437 297 1489 esse,
316 1434 382 1481 nec
397 1416 584 1482 indomitae
600 1415 718 1481 deberi
735 1414 890 1501 praemia
906 1415 1061 1490 dextrae,
1209 1445 1258 1501 355

207 1522 282 1607 ipse
298 1543 434 1608 quoque
450 1522 538 1586 haec
554 1532 703 1607 peteret3
730 1530 859 1606 peteret
874 1519 1081 1585 moderatior
1096 1518 1204 1609 Ajax‚

208 1627 479 1716 Eurypylusque
496 1627 606 1703 ferox,
624 1629 788 1714 claroque
804 1627 1051 1692 Andraemone
1065 1639 1189 1701 natus;

208 1756 274 1800 nec
291 1736 404 1801 minus
420 1734 640 1809 Idomeneus,
659 1733 839 1820 patriaque
855 1743 989 1799 creatus
1005 1734 1130 1798 eadem

209 1841 406 1916 Meriones3
431 1852 562 1928 peteret
577 1841 718 1929 majoris
734 1840 839 1906 frater
852 1838 1018 1906 Atridae:

207 1948 334 2034 quippe
351 1970 455 2014 manu
472 1949 588 2024 sortes,
607 1969 672 2014 nec
688 1958 768 2013 sunt
784 1947 866 2013 mihi
884 1958 992 2013 marte
1008 1947 1165 2024 secundi,
1207 1961 1259 2035 3⁶⁰
1362 1963 1363 1974 ¹

208 2054 358 2120 consiliis
375 2075 511 2121 cessere
528 2054 628 2120 meis.
675 2053 757 2119 Tibi
773 2055 915 2120 dextera
931 2054 1023 2121 bello

206 2159 319 2226 utilis:
343 2159 523 2250 ingenium
538 2172 602 2239 est,
620 2161 715 2248 quod
732 2171 811 2249 eget
827 2161 1062 2228 moderamine
1078 2172 1205 2228 nostro.

208 2276 243 2331 tu
260 2265 350 2332 vires
366 2267 439 2332 sine
457 2279 570 2334 mente
587 2268 701 2356 geris:
727 2267 811 2331 mihi
827 2289 910 2334 cura
928 2268 1043 2335 futuri.

207 2382 244 2437 tu
260 2394 416 2460 pugnare
433 2386 549 2460 potes:
574 2374 755 2462 pugnandi
772 2385 926 2459 tempora
943 2395 1078 2441 mecum

96 2540 101 2547 .
208 2479 305 2568 eligit
319 2479 470 2547 Atrides.
518 2481 575 2545 Tu
592 2491 724 2546 tantum
741 2501 884 2568 corpore
901 2482 1047 2566 prodes:
1208 2499 1257 2569 3⁶5

209 2608 271 2652 nos
287 2586 413 2652 animo.
463 2586 671 2674 Quantoque
687 2599 795 2652 ratem
813 2586 871 2674 qui
888 2598 1068 2674 temperat,
1087 2588 1193 2656 anteit

208 2692 349 2782 remigis
365 2693 529 2769 officium,
546 2705 673 2780 quanto
689 2694 761 2759 dux
778 2692 884 2760 milite
901 2694 1023 2783 major,

206 2809 337 2863 tantum
355 2820 422 2886 ego
438 2810 471 2864 te
487 2821 623 2884 supero.
672 2800 836 2866 Necnon
853 2800 888 2866 in
905 2822 1049 2887 corpore
1065 2813 1181 2868 nostro

208 2916 346 2990 pectora
362 2915 440 2970 sunt
456 2905 586 2989 potiora
603 2927 729 2971 manu:
753 2905 854 2996 vigor
869 2907 981 2973 omnis
998 2907 1033 2972 in
1050 2907 1129 2973 illis.

254 3007 326 3074 ‘At
343 3032 415 3085 vos,
434 3010 466 3076 Ο
483 3032 654 3096 proceres,
671 3013 770 3102 vigili
787 3016 865 3080 date
882 3014 1036 3100 praemia
1052 3027 1188 3082 vestro:
1207 3047 1257 3102 370

208 3137 337 3202 proque
354 3127 402 3182 tot
418 3138 585 3182 annorum
602 3139 697 3196 cura,
716 3121 840 3207 quibus
857 3123 982 3188 anxius
998 3121 1070 3211 egi,

208 3224 300 3287 hunc
316 3223 447 3288 titulum
466 3226 593 3292 meritis
610 3230 827 3313 pensandum
844 3230 975 3294 reddite
991 3229 1125 3295 nostris.

203 3329 275 3418 jam
292 3330 388 3394 labor
404 3331 438 3395 in
455 3332 522 3397 fine
539 3344 610 3398 est:
635 3335 808 3400 obstantia
824 3334 893 3399 sata
909 3317 1052 3409 removi,

92 3532 95 3539 Ι
207 3435 343 3521 altaque
360 3457 460 3521 posse
477 3440 554 3524 capi
572 3440 731 3504 faciendo
747 3439 934 3528 Pergama,
953 3441 1041 3527 cepi.

207 3562 268 3625 per
282 3563 363 3627 spes
379 3565 471 3609 nunc
488 3546 614 3620 socias,
633 3566 825 3632 casuraque
842 3547 978 3613 moenia
994 3549 1140 3624 Troum,
1207 3579 1255 3635 375

206 3668 333 3737 perque
350 3649 433 3715 deos
450 3674 522 3727 oro,
540 3673 626 3737 quos
643 3651 730 3716 hosti
748 3674 857 3737 nuper
873 3654 1000 3728 ademi,

205 3775 267 3838 per
283 3753 394 3840 siquid
412 3771 579 3841 superest,
598 3759 690 3843 quod
707 3758 750 3821 sit
766 3759 939 3842 sapienter
955 3761 1143 3846 agendum,
1157 3797 1203 3810 -·

205 3858 233 3922 si
249 3858 331 3944 quid
349 3862 464 3925 adhuc
480 3863 608 3932 audax,
627 3883 670 3925 ex
688 3862 933 3948 praecipitique
951 3863 1136 3950 petendum
1155 3876 1218 3940 est,

206 3964 234 4028 si
250 3963 377 4052 Trojae
394 3965 471 4030 satis
488 3967 616 4051 aliquid
634 3979 761 4029 restare
777 3969 916 4050 putatis,
927 4006 973 4020 —-
1040 4037 1041 4044 χ
