2767 4467
82 275 87 280 ⁵
131 311 249 383 v.600,]
431 292 477 359 1’
470 292 514 357 te·
541 292 626 359 Tale
648 296 698 379 ,of
708 292 900 361 Arethusa.
1139 308 1183 381 57

131 510 201 554 cum
217 499 330 555 matre
342 498 404 554 est
417 488 570 565 totidem,
585 489 730 555 totidem
744 510 823 554 cum
839 489 989 578 conjuge
1003 510 1151 558 menses.

129 595 262 659 vertitur
278 596 460 679 extemplo
476 595 582 659 facies
599 606 631 659 et
648 594 771 659 mentis
787 606 821 659 et
836 594 925 659 oris:

129 721 202 763 uam
220 704 332 769 modo
342 720 436 786 quae
453 710 584 785 poterat
598 700 669 766 Diti
686 721 824 787 quoque
840 711 969 767 maesta
984 701 1108 780 videri,

67 830 69 836 ·
127 807 211 871 laeta
228 807 320 871 deae
336 806 434 871 frons
450 818 523 881 estc
545 817 585 871 ut
598 807 670 881 sol,¹
680 806 739 893 qui
756 817 865 872 tecnas
880 806 1020 894 aquosis
1128 838 1181 897 570

127 913 270 977 nubibus
289 924 370 977 ante
387 912 463 987 suit,
480 912 578 977 victis
591 934 615 979 e
628 911 777 977 nubibus
794 912 875 977 exit.

167 1018 287 1105 Exigit
305 1017 541 1105 alma',Ceres,
555 1030 636 1083 nata
653 1039 776 1083 secura
791 1028 945 1105 recepta,
960 1080 965 1085 .

126 1144 210 1211 quae
226 1124 288 1189 tibi
308 1125 547 1211 causafuga'e,
567 1124 705 1201 cursis,
722 1124 911 1201 Arethusa,
928 1145 1029 1192 sacer
1044 1123 1142 1193 sous?

125 1231 322 1295 conticuere
337 1230 474 1295 undae:
499 1250 646 1317 quarum
663 1231 731 1295 dea
746 1230 880 1297 sustulit
895 1232 966 1297 alto

125 1334 213 1400 sonte
230 1346 351 1422 caput,
367 1336 565 1423 uiridesque
573 1356 688 1421 ‚uranu
703 1335 832 1403 siccata
847 1336 992 1423 capillos
1127 1368 1179 1427 575

10 1522 15 1529 ι
124 1440 275 1508 fluminis
293 1442 371 1507 Elei
386 1452 519 1509 veteres
530 1443 687 1509 'narrauit
703 1464 860 1511 amorest

126 1547 231 1613 ‘Pars
248 1570 320 1637 ego
336 1550 581 1635 nympharum,
598 1570 688 1637 quae
702 1561 784 1616 suut
798 1549 834 1615 iu
849 1549 1036 1630 Achaide,’
1052 1550 1152 1631 dixit,

124 1664 215 1721 ‘una
232 1656 305 1731 fui3
330 1677 395 1721 nec
412 1674 467 1721 me
483 1656 665 1723 studiosius
682 1658 789 1723 altera
806 1660 913 1726 saltus

10 1844 12 1849 ι
37 1820 56 1838 ,
95 1851 102 1855 .
123 1762 217 1849 legit,
236 1784 306 1827 nec
322 1762 434 1848 posuit
449 1760 632 1829 studiosius
649 1764 755 1829 altera
771 1784 900 1831 casses.

76 1872 79 1879 '
122 1869 183 1934 sed
197 1868 361 1956 quamvis
369 1868 506 1944 ,formae
522 1888 711 1956 numquam
728 1867 811 1935 mihi
827 1870 919 1937 sama
936 1872 1040 1958 petita
1055 1884 1120 1952 est,

39 1988 42 1998 ⁴
121 1976 282 2063 quamvis
299 1972 394 2041 sortis
410 1996 522 2067 eram,
537 1976 707 2043 formosae
722 1998 848 2043 nomen
864 1979 1049 2047 habebam.

112 2081 185 2148 'nec
202 2102 283 2148 mea
301 2102 356 2148 me
372 2082 478 2148 facies
494 2078 637 2148 nimium
653 2077 793 2150 laudata
806 2084 969 2174 juvabat:

121 2210 259 2279 quaque
277 2188 366 2255 aliae
383 2190 536 2277 gaudere
552 2187 674 2267 solent,
692 2185 760 2279 ego
775 2193 902 2258 rustica
917 2192 996 2259 dote

98 2364 101 2368 ,
122 2298 276 2383 corporis
293 2296 425 2371 erubui,
444 2296 641 2384 crimenque
658 2298 796 2383 placere
813 2298 942 2383 putavi.

166 2405 304 2472 ‘Lassa
321 2403 528 2479 revertebar,
548 2403 703 2480 memini,
721 2403 964 2491 Stymphalide
979 2406 1088 2472 silva:
1123 2429 1175 2497 585

52 2544 58 2555 ·
122 2526 235 2579 aestus
252 2525 338 2591 erat,
357 2534 592 2603 magnumque
608 2513 705 2581 labor
722 2512 959 2600 geminaverat
975 2526 1120 2581 aestum.
1214 2498 1217 2505 ¹

120 2618 259 2687 invenio
276 2622 350 2687 sine
366 2622 492 2689 vertice
509 2626 629 2708 aquas,
653 2618 728 2687 sine
740 2639 917 2685 murmure
933 2629 1067 2697 euntes,

93 2711 95 2715 ¹
121 2728 322 2814 perspicuas
338 2730 382 2795 ad
398 2730 556 2806 humum,
566 2750 636 2815 »per
651 2749 739 2816 quas
754 2728 978 2794 numerabilis
991 2729 1060 2795 alte

10 2858 12 2867 ’
121 2835 274 2900 calculus
291 2836 499 2913 omiserat,
516 2857 603 2923 quas
619 2848 656 2902 tu
671 2836 731 2900 vix
746 2835 796 2901 ire
811 2846 960 2920 putares.

12 2967 16 2979 ·
121 2960 207 3007 cana
224 2942 344 3007 salicta
360 2944 487 3009 dabant
502 2945 694 3031 nutritaque
711 2944 858 3030 populus
874 2944 967 3009 unda
1122 2976 1173 3032 590

121 3059 321 3132 sponte'sua
337 3060 435 3117 natas
452 3049 535 3136 ripis
552 3051 741 3117 declivibus
758 3050 906 3115 umbras.

50 3146 51 3151 ’
121 3156 264 3231 accessi,
283 3157 499 3245 primumque
516 3157 614 3244 pedis
630 3156 775 3244 vestigia
791 3156 890 3233 tinxi,

119 3262 247 3345 poplite
264 3262 389 3329 deinde
404 3275 524 3340 tenus;
546 3268 660 3353 neque
680 3285 724 3329 eo
739 3274 910 3340 contenta,
929 3265 1100 3355 recingor,

119 3354 305 3458 molliaque
322 3372 463 3459 impono
478 3372 575 3439 salici
592 3371 766 3437 velamina
784 3394 923 3449 curvae,

45 3518 50 3535 ..
70 3523 73 3533 .
118 3476 280 3563 nudaque
297 3499 437 3567 mergor
454 3479 571 3566 aquis;
596 3498 682 3567 quas
699 3478 780 3544 dum
797 3479 950 3565 serioque
966 3480 1132 3566 trahoque

118 3582 212 3647 mille
228 3584 340 3649 modis
356 3584 489 3660 labens,
508 3604 722 3671 excussaque
738 3585 901 3651 bracchia
913 3585 1018 3673 jactu,

35 3682 39 3695 ‘
117 3688 234 3755 nescio
251 3690 345 3776 quod
362 3690 475 3755 medio
491 3690 583 3756 sensi
600 3690 662 3755 sub
678 3690 816 3777 gurgite
834 3710 999 3763 murmur,

116 3796 302 3883 territaque
318 3796 438 3861 insisto
455 3796 622 3883 propioris
638 3795 796 3881 margine
812 3796 920 3879 ripae.

116 3900 199 3985 Quo
208 3908 404 3989 properas,
421 3898 627 3969 Arethusa?
642 3901 714 3965 suis
729 3898 887 3983 Alpheus
903 3899 948 3962 ab
962 3896 1079 3971 undis,

116 4005 198 4093 Quo
206 4004 418 4098 properas?
431 4007 555 4072 iterum
570 4026 676 4070 rauco
693 4004 777 4067 mihi
792 4002 926 4066 dixerat
940 4020 1011 4063 ore.
1116 4014 1169 4065 600
