2767 4467
181 272 338 346 x111.7o.]
563 259 675 328 Clartn
698 259 870 348 ofAjax.
1172 277 1238 347 119

180 451 363 519 obtulimus
380 455 468 541 quia
485 478 547 522 nos
563 458 608 524 ad
622 456 734 544 prima
750 455 917 543 pericula,
935 453 1065 524 simus?

220 570 230 600 ‘
243 557 364 647 Atque
377 563 515 628 utinam
527 575 585 628 aut
596 585 698 630 verus
711 563 805 629 furor
816 563 888 639 ille,
900 575 958 628 aut
970 562 1119 630 creditus
1131 570 1235 636 esset,

178 687 239 730 nec
254 688 376 733 comes
395 669 455 734 hic
470 668 645 756 Phrygias
660 690 824 757 umquam
842 669 991 736 venisset
1006 669 1052 735 ad
1068 688 1164 734 arces

177 772 326 839 hortator
343 774 541 840 scelerum!
566 797 636 841 non
651 786 698 851 te,
716 775 883 842 Poeantia
898 776 1026 861 proles,
1201 803 1235 860 45

177 880 373 963 expositum
392 880 547 946 Lemnos
562 892 678 946 nostro
695 901 774 946 cum
791 880 934 946 crimine
951 881 1112 946 haberet:

176 987 232 1071 qui
248 1009 358 1064 nunc,
377 1000 416 1053 ut
432 999 636 1062 memorant,
656 987 867 1053 silvestribus
884 986 1020 1052 abditus
1036 985 1155 1062 antris,

151 1152 155 1158 .
175 1114 259 1158 saxa
276 1117 401 1161 moves
417 1095 562 1184 gemitu,
581 1093 857 1180 Laertiadaeque
874 1091 1027 1179 precaris

175 1221 262 1285 quae
279 1203 424 1278 meruit,
440 1222 544 1289 quae,
562 1199 591 1266 si
608 1199 643 1266 di
660 1211 752 1276 sunt,
771 1221 840 1266 non
856 1219 947 1264 vana
964 1197 1127 1284 precaris.

94 1384 96 1389 Ι
174 1316 207 1370 et
222 1327 318 1374 nunc
333 1309 396 1375 ille
413 1309 535 1375 eadem
553 1305 652 1373 nobis
664 1306 799 1395 juratus
808 1304 851 1372 ,in
868 1325 978 1381 arma,
1201 1335 1236 1392 50

173 1411 241 1477 heu
254 1413 263 1478 l
290 1437 378 1501 pars
392 1436 462 1481 una
478 1416 620 1489 ducum,
639 1433 708 1500 quo
724 1433 923 1480 successore
939 1410 1085 1500 sagittae

175 1517 344 1588 Herculis
359 1533 512 1597 utuntur,
530 1522 659 1586 fractus
676 1521 862 1607 morboque
879 1518 1038 1607 fameque

172 1625 381 1715 velaturque
398 1629 567 1715 aliturque
584 1626 719 1702 avibus,
736 1626 963 1714 volucresque
979 1625 1128 1712 petendo

175 1732 292 1799 debita
307 1734 472 1823 Trojanis
489 1744 627 1800 exercet
642 1732 778 1820 spicula
794 1733 885 1808 fatis,

174 1837 232 1904 ille
248 1852 369 1906 tamen
385 1841 481 1917 vivit,
498 1841 579 1928 quia
595 1863 665 1907 non
682 1839 857 1906 comitavit
873 1838 1015 1908 Ulixen.
1200 1868 1233 1925 35

222 1957 231 1987 ‘
247 1947 376 2015 Mallet
391 1959 425 2014 et
441 1948 563 2014 infelix
576 1947 783 2014 Palamedes
801 1967 877 2013 esse
894 1945 1052 2012 relictus:

176 2072 281 2138 quem
300 2056 391 2120 male
408 2055 555 2120 convicti
572 2054 716 2120 nimium
735 2073 867 2118 memor
881 2051 945 2118 iste
962 2052 1086 2118 furoris

177 2161 325 2243 prodere
341 2183 415 2226 rem
433 2161 593 2226 Danaam
610 2160 722 2237 finxit,
740 2160 925 2246 fictumque
942 2156 1099 2244 probavit

177 2266 323 2344 crimen,
340 2278 375 2332 et
391 2267 550 2340 ostendit,
568 2267 660 2354 quod
672 2267 745 2355 jam
763 2265 993 2352 praefoderat,
1012 2285 1146 2330 aurum.
1198 2281 1234 2336 60

225 2373 344 2461 ‘Ergo
361 2385 421 2438 aut
436 2372 558 2439 exsilio
573 2373 665 2440 vires
680 2373 845 2439 subduxit
860 2369 1020 2446 Achivis,

178 2490 238 2544 aut
253 2492 360 2545 nece:
386 2479 437 2545 sic
455 2491 598 2567 pugnat,
616 2480 667 2546 sic
683 2490 734 2545 est
750 2479 954 2546 metuendus
970 2477 1106 2546 Ulixes.

179 2585 237 2669 qui
254 2585 334 2650 licet
350 2586 487 2672 eloquio
503 2586 609 2651 fidum
626 2607 762 2673 quoque
779 2586 928 2652 Nestora
945 2585 1074 2660 vincat,

179 2691 272 2756 haud
288 2702 406 2756 tamen
423 2691 558 2768 efficiet,
576 2693 748 2759 desertum
766 2704 803 2758 ut
819 2692 968 2760 Nestora
986 2692 1116 2760 crimen

178 2818 254 2862 esse
271 2819 349 2863 rear
365 2797 520 2862 nullum:
543 2798 601 2886 qui
618 2819 698 2864 cunr
719 2797 918 2884 imploraret
933 2799 1063 2866 Ulixen
1197 2816 1230 2888 65

178 2904 321 2970 vulnere
337 2904 455 2969 tardus
471 2905 563 2990 equi,
583 2904 761 2992 fessusque
777 2906 942 2972 senilibus
959 2906 1073 2982 annis,

177 3010 332 3095 proditus
349 3031 369 3074 a
386 3011 480 3075 socio
495 3020 557 3076 est.
605 3010 687 3078 Non
706 3013 793 3078 haec
810 3012 893 3078 mihi
910 3013 1054 3079 crimina
1071 3013 1156 3102 fingi

178 3116 240 3180 scit
256 3117 347 3182 bene
363 3115 531 3202 Tydides,
549 3118 607 3204 qui
625 3119 764 3184 nomine
782 3141 886 3205 saepe
902 3131 1061 3186 vocatum

179 3223 351 3308 corripuit,
369 3223 568 3310 trepidoque
586 3225 706 3314 sugam
724 3227 944 3313 exprobravit
960 3225 1083 3291 amico.
1172 3229 1174 3236 ’

178 3328 347 3414 aspiciunt
363 3329 473 3395 oculis
490 3333 604 3418 superi
623 3333 779 3399 mortalia
792 3333 913 3420 justis:
1198 3361 1231 3416 70

177 3457 219 3499 en
235 3448 317 3524 eget
333 3435 475 3514 auxilio,
495 3441 553 3527 qui
571 3463 639 3505 non
656 3441 752 3514 tulit;
777 3452 879 3527 utque
896 3438 1043 3527 reliquit,

176 3541 225 3606 sic
240 3541 450 3629 linquendus
467 3557 560 3612 erata
585 3546 701 3634 legem
718 3545 781 3610 sibi
799 3545 932 3610 dixerat
947 3546 1033 3630 ipse.

221 3647 455 3716 ‘Conclamat
472 3652 595 3718 socios.
643 3650 780 3718 Adsum
794 3673 803 3726 ;
828 3651 994 3736 videoque
1011 3659 1212 3715 trementem
1229 3659 1231 3666 ’

170 3757 433 3843 pallentemque
451 3769 542 3822 metu
559 3768 592 3822 et
607 3757 834 3843 trepidantem
851 3767 957 3822 morte
975 3755 1099 3819 futura.

170 3863 319 3952 opposui
341 3862 468 3926 molem
485 3862 599 3949 clipei,
617 3863 757 3949 texique
770 3860 956 3947 jacentem,
1197 3886 1228 3942 75

167 3971 382 4056 servavique
399 3967 550 4032 animam
567 3966 767 4055 (minimum
781 3976 831 4028 est
847 3965 913 4028 hoc
929 3963 1059 4043 laudis)
1075 3962 1228 4027 inertem.
