2767 4467
157 261 308 335 Xlll.210.]
432 243 511 312 Tae
533 245 702 333 Embassy
725 254 759 313 to
790 245 895 335 Troy.
1122 265 1184 333 123

156 451 244 528 utque
257 440 333 506 alios
346 453 503 520 taceam,
521 442 581 530 qui
596 464 738 508 saevum
754 443 898 530 perdere
914 453 1031 530 posset

157 547 298 624 Hectora,
314 570 442 636 nempe
458 550 563 616 dedi:
586 571 648 636 per
663 573 719 615 me
730 551 824 640 jacet
839 552 974 618 inclitus
993 552 1136 620 Hector.

154 653 212 720 illis
225 657 303 721 haec
317 658 436 733 armis,
453 657 580 744 quibus
595 669 646 722 est
660 658 818 742 inventus
834 656 1003 737 Achilles,

154 781 238 826 arma
251 776 342 848 peto:
365 765 447 830 vivo
463 765 641 840 dederam,
658 776 735 849 post
751 764 820 830 sata
836 785 991 851 reposco.
1137 787 1184 838 180

193 869 259 935 ‘Ut
272 871 363 936 dolor
378 871 482 936 unius
500 870 643 937 Danaos
658 871 815 957 pervenit
830 871 876 937 ad
891 893 1024 950 ornnes,

151 971 330 1064 Aulidaque
343 977 538 1044 Euboicam
556 978 769 1064 complerunt
785 977 878 1043 mille
895 979 1047 1057 carinae,

152 1096 330 1168 exspectata
346 1085 419 1160 diu,
437 1085 534 1149 nulla
550 1095 609 1150 aut
623 1084 794 1150 contraria
811 1085 913 1150 classi

150 1186 275 1254 flamina
289 1204 379 1268 sunt,
396 1192 573 1278 duraeque
584 1191 707 1280 jubent
721 1189 990 1278 Agamemnona
1006 1203 1113 1260 sortes

149 1293 335 1362 immeritam
351 1319 478 1364 saevae
493 1309 611 1364 natam
627 1309 778 1363 mactare
794 1297 942 1365 Dianae.
1134 1317 1180 1388 185

149 1401 284 1492 denegat
297 1405 363 1471 hoc
379 1406 527 1494 genitor,
546 1404 702 1494 divisque
717 1405 874 1472 irascitur
890 1406 984 1492 ipsis,

148 1520 239 1598 atque
252 1512 287 1576 iu
300 1534 384 1600 rege
400 1524 515 1578 tamen
531 1525 628 1599 pater
643 1523 706 1579 est.
755 1511 834 1600 Ego
851 1514 930 1578 mite
947 1515 1099 1600 parentis

147 1617 309 1705 ingenium
323 1620 438 1686 verbis
453 1620 499 1686 ad
514 1620 654 1703 publica
665 1619 851 1685 commoda
867 1620 963 1685 verti.

146 1745 229 1790 nunc
243 1728 398 1814 equidem
412 1728 535 1803 fateor,
552 1727 714 1814 fassoque
729 1726 887 1813 ignoscat
903 1725 1062 1792 Atrides:

145 1832 304 1899 difficilem
319 1835 413 1900 tenui
429 1836 494 1900 sub
510 1833 627 1921 iniquo
639 1833 758 1921 judice
774 1853 926 1899 causam.
1134 1865 1182 1920 190

145 1939 229 2005 hunc
242 1951 353 2006 tamen
369 1942 497 2008 utilitas
514 1941 630 2027 populi
648 1940 818 2028 fraterque
836 1939 973 2026 datique

145 2067 266 2112 summa
281 2059 392 2114 movet
408 2049 548 2134 sceptri,
562 2048 700 2113 laudem
714 2058 752 2112 ut
768 2068 846 2113 cum
863 2044 1034 2134 sanguine
1052 2059 1180 2132 penset.

145 2153 245 2218 mittor
259 2166 291 2220 et
306 2156 350 2221 ad
367 2167 526 2231 matrem,
544 2175 633 2242 quae
649 2176 719 2220 non
737 2155 918 2228 hortanda,
937 2153 999 2219 sed
1016 2167 1091 2218 astu

143 2259 332 2347 decipienda
348 2262 423 2328 fuit.
473 2261 555 2346 Quo
571 2261 599 2327 si
616 2261 843 2327 Telamonius
859 2261 953 2337 isset,

142 2368 217 2432 orba
231 2369 298 2434 suis
314 2381 430 2435 essent
445 2370 547 2434 etiam
563 2369 656 2434 minc
671 2368 777 2434 lintea
794 2367 915 2433 ventis.
1133 2398 1180 2456 ¹95

182 2487 191 2517 ‘
206 2476 320 2544 Mittor
335 2491 369 2545 et
384 2479 511 2546 Iliacas
526 2481 641 2546 audax
656 2491 772 2546 orator
788 2480 831 2546 ad
849 2501 959 2555 arces,

142 2582 271 2672 visaque
286 2597 320 2652 et
335 2587 460 2652 intrata
476 2598 527 2652 est
542 2589 630 2652 altae
647 2587 731 2656 mihi
748 2586 843 2652 curia
860 2585 1010 2676 Trojaer

141 2690 299 2780 plenaque
316 2695 432 2758 adhuc
448 2706 521 2758 erat
536 2694 595 2758 illa
610 2694 705 2758 viris.
755 2692 932 2760 Interritus
948 2693 1006 2782 egi

140 2817 233 2881 quam
250 2799 333 2864 mihi
351 2801 531 2865 mandarat
545 2798 738 2866 communis
754 2799 901 2866 Graecia
917 2822 1072 2877 causam,

141 2923 323 2992 accusoque
339 2905 457 2982 Parin,
476 2908 709 2994 praedamque
728 2907 967 2994 Helenamque
983 2929 1140 2994 reposco,

140 3021 169 3075 et
182 3034 301 3079 moveo
316 3013 494 3078 Priamum
511 3013 716 3102 Priamoque
732 3013 909 3081 Antenora
922 3017 1091 3105 junctum.

140 3129 170 3183 at
182 3119 277 3186 Paris
293 3133 328 3188 et
342 3122 464 3188 fratres
480 3123 585 3210 etqui
602 3144 749 3208 rapuere
767 3125 830 3189 sub
848 3125 920 3197 illo,

138 3223 190 3289 vix
204 3237 344 3293 tenuere
361 3250 484 3293 manus
495 3267 541 3279 -
553 3230 620 3294 scis
632 3228 716 3304 hoc,
737 3227 898 3294 Menelai}
912 3225 920 3291 l
933 3265 978 3278 -
990 3228 1157 3294 nefandas
1170 3251 1178 3303 ;

138 3332 310 3420 primaque
326 3335 386 3397 lux
403 3337 507 3399 nostri
523 3347 635 3400 tecum
653 3334 717 3399 suit
732 3333 790 3399 illa
808 3334 937 3421 pericli.

178 3439 327 3528 ‘Longa
344 3441 471 3506 referre
488 3464 582 3507 mora
599 3453 663 3516 est,
678 3463 767 3527 quae
784 3425 994 3527 consilioque
1009 3459 1180 3525 manuque

137 3544 255 3610 utiliter
270 3547 336 3610 seci
354 3547 493 3632 spatiosi
508 3559 663 3633 tempore
679 3547 773 3612 belli.

137 3662 207 3733 post
222 3653 314 3717 acies
331 3653 460 3737 primas
474 3654 569 3718 urbis
585 3675 622 3718 se
640 3655 819 3719 moenibus
836 3655 950 3716 hostes

137 3758 329 3823 continuere
344 3759 417 3834 diu,
435 3781 500 3824 nec
516 3760 623 3844 aperti
641 3759 740 3843 copia
758 3757 875 3822 martis

135 3864 200 3927 ulla
217 3864 300 3928 suit:
326 3864 460 3930 decimo
476 3866 613 3929 demum
631 3863 864 3950 pugnavimus
881 3882 984 3925 anno.

135 3970 212 4054 quid
229 3969 315 4034 sacis
330 3968 473 4043 interea,
491 3968 551 4054 qui
567 3971 629 4041 nil,
647 3967 713 4029 nisi
729 3966 873 4049 proelia,
892 3961 1001 4024 nosti?
1131 3991 1182 4026 210
