2767 4467
166 278 210 345 82
465 277 537 344 Tae
565 277 783 367 Calydomian
807 276 924 344 Hunt.
1075 292 1222 366 [Morou.

166 497 236 542 non
254 476 351 551 foret,
369 472 406 541 in
420 485 518 563 tergo
534 474 608 541 visa
625 487 677 543 est
693 477 842 543 haesura
858 475 962 561 petito
973 512 1020 525 —

166 581 304 669 longius
321 581 366 645 it:
392 594 509 647 auctor
525 582 584 647 teli
600 581 802 670 Pagasaeus
820 582 936 648 I'aison.

169 686 356 763 ‘Phoebe’
373 688 419 753 ait
434 687 648 775 Ampycides
668 690 718 755 ‘si
734 701 766 755 te
784 689 941 775 coluique
959 690 1119 777 coloque,
1170 721 1223 778 350

167 794 213 859 da
230 793 312 857 mihi
329 795 420 879 quod
437 795 559 879 petitur
576 808 668 861 certo
684 795 885 883 contingere
901 796 970 860 telo
982 795 1011 859 l'

167 919 235 986 qua
253 900 370 983 potuit,
387 901 545 985 precibus
562 901 647 966 deus
664 901 797 965 annuit.
846 900 938 967 Ictus
956 902 999 968 ab
1016 903 1076 972 illo
1093 912 1156 980 est,

167 1005 228 1071 sed
245 1004 318 1069 sine
337 1005 490 1081 vulnere,
509 1026 613 1091 aper:
637 1006 765 1071 ferrum
783 1006 898 1072 Diana
915 1008 1044 1074 volanti

168 1111 354 1177 abstulerat
365 1111 502 1200 jaculo;
527 1112 661 1199 lignum
678 1113 753 1178 siue
770 1114 930 1180 acumine
946 1114 1053 1180 venit.

213 1217 268 1283 Ira
284 1217 348 1284 seri
365 1230 456 1283 mota
472 1228 535 1295 est,
553 1239 618 1283 nec
634 1219 778 1286 fulmine
794 1220 906 1287 lenius
924 1220 1025 1287 arsit:
1170 1252 1219 1309 ³55

167 1324 292 1390 emicat
307 1344 350 1389 ex
367 1324 488 1399 oculis,
506 1324 613 1409 spirat
627 1347 765 1413 quoque
782 1340 920 1413 pectore
935 1328 1091 1394 flamma.

166 1444 269 1518 utque
285 1430 378 1495 volat
395 1431 502 1495 moles
520 1431 666 1497 adducto
683 1434 819 1499 concita
835 1457 955 1512 nervo,

166 1558 245 1602 cum
262 1535 344 1622 petit
360 1547 418 1601 aut
434 1558 562 1613 muros,
580 1549 640 1604 aut
655 1539 777 1625 plenas
793 1541 899 1607 milite
915 1553 1038 1617 turres,

165 1643 200 1707 in
213 1643 358 1731 juvenes
375 1655 468 1709 certo
483 1644 533 1709 sic
549 1644 675 1731 impete
691 1648 874 1713 vulnificus
891 1669 950 1713 sus

165 1750 282 1826 fertur,
301 1761 335 1815 et
350 1749 568 1836 Eupalamon
584 1752 845 1841 Pelagonaque,
863 1755 984 1820 dextra
1000 1764 1137 1822 tuentes
1167 1771 1220 1840 3⁶0

165 1877 308 1934 cornua,
327 1859 542 1942 prosternit*
567 1858 661 1926 Socii
677 1846 824 1946 rapuere
836 1861 993 1950 jacentes
1003 1883 1013 1937 ;

165 1973 200 2028 at
215 1986 284 2029 non
301 1964 449 2030 letiferos
466 1965 588 2053 effugit
603 1966 809 2034 Enaesimus
825 1968 912 2033 ictus

167 2069 406 2156 Hippocoonte
424 2083 537 2137 satus:
562 2074 789 2159 trepidantem
806 2086 840 2139 et
854 2085 953 2162 terga
969 2084 1151 2161 parantem

164 2190 294 2242 vertere
311 2178 444 2243 succiso
460 2178 631 2266 liquerunt
647 2181 775 2266 poplite
792 2181 902 2246 nervi.

163 2283 304 2350 forsitan
322 2295 354 2351 et
370 2284 490 2373 Pylius
506 2285 590 2352 citra
605 2287 759 2376 Trojano
775 2288 921 2374 perisset
1166 2306 1217 2376 ³⁶5

163 2402 339 2477 tempora:
363 2393 424 2458 sed
441 2405 576 2478 sumpto
592 2394 701 2479 posita
718 2395 901 2460 conamine
919 2395 962 2460 ab
979 2395 1080 2461 hasta

45 2553 48 2557 .
162 2498 294 2564 arboris
309 2497 451 2574 insiluit,
469 2520 558 2586 quae
574 2500 685 2566 stabat
701 2500 871 2586 proxima,
891 2502 1009 2577 ramis,

161 2605 399 2693 despexitque,
417 2606 493 2672 loco
508 2615 612 2682 tutus,
630 2628 733 2693 quem
749 2606 886 2695 fugerat
901 2609 1048 2673 hostem.

207 2713 376 2779 Dentibus
393 2714 450 2778 ille
466 2714 562 2779 ferox
578 2714 614 2778 in
630 2735 761 2800 querno
777 2714 889 2799 stipite
905 2715 991 2781 tritis

160 2818 315 2885 imminet
331 2820 448 2895 exitio,
465 2820 643 2906 fidensque
660 2820 856 2885 recentibus
871 2821 977 2885 armis
1165 2851 1217 2909 370

161 2924 352 3012 Ornytidae
368 2925 487 3013 magni
503 2937 611 2990 rostro
627 2925 739 2990 femur
755 2926 869 2991 hausit
884 2926 1033 2991 adunco.

160 3042 196 3095 at
211 3032 354 3118 gemini,
373 3033 526 3097 nondum
542 3031 704 3096 caelestia
720 3031 845 3107 sidera,
864 3032 998 3109 fratres,

159 3139 262 3202 ambo
279 3138 467 3223 conspicui,
486 3138 566 3203 nive
581 3137 836 3203 candidioribus
852 3140 955 3204 ambo

158 3245 381 3309 vectabantur
397 3244 506 3330 equis,
526 3245 628 3309 ambo
645 3244 777 3308 vibrata
794 3264 856 3328 per
873 3264 975 3309 auras

159 3349 334 3414 hastarum
350 3351 496 3415 tremulo
513 3350 712 3436 quatiebant
728 3350 861 3435 spicula
878 3361 984 3415 motu.
1162 3382 1212 3438 375

156 3457 300 3523 vulnera
317 3456 489 3531 fecissent,
508 3456 573 3520 nisi
590 3456 740 3543 saetiger
755 3456 843 3521 inter
860 3476 989 3540 opacas

157 3583 222 3627 nec
235 3562 358 3651 jaculis
374 3562 455 3627 isset
470 3581 535 3625 nec
551 3582 639 3647 equo
656 3562 733 3626 loca
750 3562 880 3646 pervia,
898 3561 1017 3627 silvas.

201 3669 420 3756 Persequitur
435 3667 621 3740 Telamon,
640 3668 819 3753 studioque
838 3668 997 3733 incautus
1015 3668 1122 3733 eundi

156 3796 284 3860 pronus
301 3776 344 3839 ab
362 3775 504 3838 arborea
522 3772 645 3836 cecidit
661 3772 777 3837 radice
794 3783 954 3838 retentus.

156 3880 236 3945 dum
254 3881 345 3943 levat
361 3878 453 3943 hunc
468 3876 606 3952 Peleus,
626 3876 773 3941 celerem
790 3875 958 3962 Tegeaea
974 3881 1141 3969 sagittam
1161 3900 1212 3966 380

154 3984 317 4070 imposuit
332 4004 449 4063 nervo,
469 3981 669 4069 sinuatoque
686 3980 818 4067 expulit
833 4000 928 4046 arcu.
