2767 4467
220 293 285 362 168
589 292 739 360 Skorter
761 294 899 360 Poems.
1111 309 1239 381 [Axonas

217 492 326 557 Plena
342 492 404 557 suit
419 491 516 557 vobis
531 490 625 557 omni
642 492 825 557 concordia
842 492 925 567 vita,

263 598 307 662 Et
323 598 412 662 stetit
428 599 472 662 ad
487 599 592 662 finem
609 598 715 685 longa
731 608 902 684 tenaxque
920 599 1017 664 fides.

219 702 323 788 Quod
340 705 402 768 luit
417 703 583 792 Argolico
595 703 732 792 juvenis
748 703 908 769 Phoceus
925 704 1083 780 Orestae,
1222 731 1247 786 ις

264 810 342 876 Hoc
357 811 431 885 tibi,
449 811 537 874 dum·
548 810 653 884 licuit,
673 811 827 895 psittace,
846 821 954 875 turtur
970 822 1055 876 erat.

167 989 169 992 Α
219 914 313 1000 Quid
330 928 445 981 tamen
462 917 525 982 ista
541 917 640 990 fides,
658 916 741 1002 quid
757 916 824 980 rari
842 917 951 982 sorma
969 916 1103 994 coloris,

263 1020 358 1107 Qid
374 1045 442 1088 vox
459 1022 630 1087 mutandis
645 1022 827 1109 ingeniosa
844 1025 949 1100 soniS,

219 1127 312 1213 Quid
325 1129 435 1216 juvat,
453 1140 490 1193 ut
505 1130 604 1193 datus
620 1150 669 1204 es,
688 1140 823 1194 nostrae
840 1131 1011 1216 placuisse
1027 1127 1180 1217 puellae?

262 1235 386 1299 Infelix
403 1235 517 1300 avium
535 1235 658 1322 gloria,
678 1257 803 1321 nempe
817 1237 926 1324 jaces.
1151 1253 1153 1258 ·
1221 1265 1248 1302 20

216 1342 272 1405 Tu
290 1353 425 1426 poteras
441 1341 583 1428 fragiles
600 1341 713 1426 pinnis
730 1342 892 1409 hebetare
909 1344 1128 1430 zmaragdos,

260 1447 386 1511 Tincta
402 1468 527 1534 gerens
544 1448 646 1511 rubro
662 1447 794 1513 Punica
810 1460 918 1514 rostra
934 1470 1047 1514 croco.

217 1552 298 1617 Non
315 1554 377 1616 fuit
393 1554 427 1616 in
444 1552 542 1617 terris
557 1574 680 1617 vocum
699 1554 914 1620 simulantior
930 1557 1023 1620 ales:

262 1659 449 1723 Reddebas
465 1659 583 1724 blaeso
599 1671 669 1724 tarn
684 1661 775 1727 bene
790 1663 894 1727 verba
911 1684 1008 1727 sono.

218 1766 352 1850 Raptus
369 1787 406 1830 es
422 1765 572 1831 invidia:
598 1790 667 1833 non
682 1779 719 1832 tu
736 1769 807 1832 fera
824 1769 914 1832 bella
933 1769 1116 1842 movebas3
1219 1789 1245 1844 25

263 1873 430 1936 Garrulus
446 1885 479 1936 et
496 1875 652 1957 placidae
670 1875 765 1959 pacis
782 1887 912 1940 amator
927 1895 1017 1939 eras.

217 1977 322 2051 Ecce,
341 1978 532 2044 coturnices
549 1980 636 2044 inter
652 2001 714 2046 sua
732 1981 861 2066 proelia
878 1981 1008 2056 vivunt,

261 2083 419 2148 Forsitan
436 2096 469 2149 et
484 2086 568 2149 fiant
582 2086 662 2151 inde
679 2088 873 2174 frequenter
890 2109 989 2152 anus.

217 2190 345 2256 Plenus
362 2213 438 2258 eras
454 2191 618 2259 minimos
643 2215 708 2259 nec
724 2215 806 2280 prae
823 2193 988 2260 sermonis
1006 2213 1123 2258 amore

263 2297 302 2362 In
320 2301 445 2365 multos
461 2311 597 2386 poteras
612 2322 672 2366 ora
689 2322 815 2366 vacare
832 2301 939 2365 cibos.
1219 2322 1246 2375 30

217 2404 302 2470 Nux
319 2417 391 2471 erat
407 2427 487 2472 esca
503 2407 576 2482 tibi,
595 2428 787 2492 causaeque
805 2427 978 2492 papavera
995 2404 1117 2479 somni,

262 2512 484 2601 Pellebatque
501 2514 590 2578 sitim
608 2514 771 2598 simplicis
787 2535 886 2578 umor
903 2533 1024 2599 aquae.

217 2619 320 2685 Vivet
336 2622 426 2685 edax
443 2621 565 2694 vultur,
583 2621 780 2706 ducensque
796 2641 857 2704 per
873 2625 954 2684 aera
971 2639 1076 2706 gyros

263 2727 407 2803 Miluus,
427 2739 459 2792 et
476 2729 613 2813 pluviae
630 2727 793 2814 graculus
811 2736 928 2790 auctor
944 2745 1075 2811 aquae;

217 2832 321 2899 Vivet
336 2845 369 2898 et
385 2834 566 2899 armiferae
583 2833 704 2898 cornix
719 2831 829 2898 invisa
846 2831 1039 2908 Minervae,
1221 2848 1248 2904 35

264 2939 328 3004 Illa
345 2941 482 3027 quidem
498 2941 622 3006 saeclis
639 2939 698 3003 vix
714 2939 876 3002 moritura
892 2959 1026 3002 novem.

220 3045 355 3112 Occidit
371 3047 428 3114 ille
444 3048 585 3135 loquax,
605 3047 778 3112 humanae
795 3045 888 3111 vocis
905 3045 1036 3132 imag0,

264 3152 446 3230 Psittacus,
465 3167 618 3220 extremo
634 3175 758 3219 munus
776 3154 820 3218 ab
837 3151 918 3217 orbe
935 3151 1064 3216 datum.

220 3258 359 3344 Optima
376 3261 487 3346 prima
504 3262 573 3326 sere
591 3262 749 3327 manibus
765 3258 942 3346 rapiuntur
958 3256 1091 3332 avaris3

265 3366 456 3452 Implentur
471 3369 622 3433 numeris
639 3368 806 3434 deteriora
823 3366 904 3432 suis.
1221 3379 1249 3431 4ο

219 3472 347 3538 Tristia
364 3474 580 3562 Phylacidae
593 3475 771 3540 Thersites
787 3474 909 3538 funera
925 3470 1029 3537 viditz

262 3579 410 3667 Jamque
426 3582 525 3657 cinis,
542 3581 629 3647 vivis
644 3581 816 3656 fratribus,
836 3581 966 3646 Hector
982 3586 1066 3643 erat.

223 3683 318 3766 Quid
334 3687 479 3751 referam
497 3689 635 3754 timidae
651 3697 762 3773 prote
779 3686 836 3770 pia
851 3697 930 3751 vota
948 3685 1098 3771 puellae,

266 3790 357 3856 Vota
374 3795 565 3878 procelloso
581 3815 643 3879 per
658 3814 752 3857 mare
770 3803 867 3877 rapta
885 3790 986 3857 noto?

223 3894 378 3980 Septima
395 3899 455 3964 lux
471 3902 602 3973 aderat,
620 3921 690 3964 non
706 3897 900 3962 exhibitura
916 3907 1129 3984 sequentem,
1224 3904 1251 3963 45

269 4001 313 4067 Et
329 4005 439 4068 stabat
450 4027 560 4070 vacuo
572 4005 646 4091 jam
662 4004 722 4068 tibi
739 4003 848 4067 Parca
867 4003 963 4076 colo;
