2767 4467
171 264 215 350 78
456 262 492 329 Τ
485 263 528 329 he
549 261 675 350 Fliglzt
698 262 746 349 (ψ
759 260 941 329 Daedalus.
1078 280 1223 352 [Mxrnu.

172 460 273 527 altius
290 458 361 549 egit
376 459 451 525 iter.
501 458 631 544 Rapidi
648 458 775 523 vicinia
792 458 873 525 solis
1174 489 1223 544 225

172 567 280 632 mollit
296 567 469 641 odoratas,
488 586 679 651 pennarum
695 564 847 641 vincula,
865 585 976 631 ceras.

171 674 351 739 tabuerant
366 692 488 737 cerae:
514 671 623 737 nudos
640 671 748 757 quatit
764 670 821 735 ille
837 672 998 747 lacertos,

172 778 390 864 remigioque,
402 760 524 842 carens
541 798 610 841 non
627 777 715 841 ullas
732 776 876 861 percipit
892 797 1005 842 auras.

172 906 301 972 oraque
319 884 478 951 caerulea
495 883 642 969 patrium
660 883 843 948 clamantia
860 904 986 948 nomen

173 992 388 1076 excipiuntur
405 1010 508 1077 aqua,
526 1010 615 1076 quae
631 1010 757 1055 nomen
773 988 876 1054 traxit
892 990 936 1055 ab
952 990 1023 1055 illo.
1173 1022 1223 1075 230

173 1109 207 1163 at
222 1109 318 1183 pater
334 1097 467 1172 infelix,
486 1117 551 1162 nec
563 1096 635 1185 jam
652 1108 762 1181 pater,
781 1095 927 1173 ‘Icare,'
942 1096 1042 1172 dixit,

173 1203 319 1281 ‘Icare,'
336 1203 423 1269 dixit
440 1203 519 1268 ‘ubi
537 1201 596 1268 es?
619 1214 737 1289 quate
754 1202 895 1289 regione
912 1200 1125 1289 requiram?’

173 1310 313 1376 ‘Icare’
331 1309 477 1385 dicebat,
495 1330 626 1394 pennas
644 1309 779 1394 aspexit
794 1309 829 1373 in
845 1308 967 1374 undis:

171 1416 375 1502 devovitque
392 1434 473 1480 suas
491 1427 593 1491 antee,
611 1436 803 1501 corpusque
820 1414 1002 1500 sepulchro

171 1522 335 1596 condidit,
353 1533 387 1586 et
402 1522 501 1586 tellus
519 1542 538 1585 a
556 1521 695 1617 qomine
710 1521 801 1585 dicta
818 1521 956 1607 sepulti.
1172 1552 1221 1608 235

218 1628 322 1694 Hunc
339 1628 454 1693 miseri
471 1628 601 1693 tumulo
619 1640 803 1712 ponentem
820 1648 964 1713 corpora
980 1628 1050 1693 nati

170 1737 311 1824 garrula
328 1735 449 1800 limoso
465 1734 641 1820 prospexit
657 1735 702 1800 ab
718 1735 804 1800 elice
821 1736 956 1821 perdix,

171 1855 204 1909 et
220 1842 346 1928 plausit
361 1842 496 1927 pennis,
515 1852 704 1928 testataque
721 1841 849 1929 gaudia
866 1852 968 1906 cantu
984 1852 1057 1907 est:

170 1949 274 2014 unica
290 1960 372 2013 tunc
388 1947 549 2023 volucria,
567 1968 632 2013 nec
649 1948 722 2013 visa
739 1948 908 2033 prioribus
925 1948 1036 2025 annis,

171 2056 329 2142 factaque
346 2076 456 2141 nuper
472 2054 558 2129 avis,
573 2046 717 2141 longum
733 2054 806 2131 tibi,
821 2052 992 2130 Daedale,
1009 2054 1151 2119 crimen.
1171 2086 1223 2138 240

171 2183 321 2248 namque
339 2162 418 2225 huic
433 2160 631 2237 tradiderat,
651 2160 796 2225 fatorum
813 2161 949 2248 ignara,
967 2161 1159 2227 docendam

172 2265 374 2353 progeniem
392 2286 559 2352 germana
576 2285 686 2339 suam,
707 2264 876 2330 natalibus
894 2265 979 2331 actis

171 2373 224 2438 bis
241 2393 385 2459 puerum
403 2371 507 2446 senis,
525 2371 630 2435 animi
648 2371 693 2439 ad
710 2383 894 2457 praecepta
910 2371 1061 2457 capacis.

171 2480 229 2545 ille
246 2479 347 2544 etiam
366 2477 478 2543 medio
495 2477 612 2563 spinas
627 2477 662 2541 in
679 2478 774 2562 pisce
791 2490 924 2543 notatas

170 2586 273 2652 traxit
289 2586 324 2651 in
342 2586 552 2669 exemplum,
571 2584 728 2670 ferroque
745 2584 863 2650 incidit
879 2595 979 2650 acuto
1171 2614 1222 2671 ²45

172 2704 354 2781 perpetuos
371 2693 503 2767 dentes,
522 2702 555 2756 et
571 2711 685 2755 serrae
703 2690 852 2777 repperit
868 2712 991 2765 usum3

171 2801 302 2887 primus
319 2811 412 2867 etex
429 2821 497 2863 uno
515 2798 582 2863 duo
600 2798 711 2863 ferrea
728 2797 890 2862 bracchia
908 2797 998 2863 nodo

171 2908 293 2984 vinxit,
311 2919 349 2972 ut
365 2908 499 2993 aequali
517 2906 627 2991 spatio
646 2904 847 2971 distantibus
864 2904 931 2971 illis

173 3015 279 3079 altera
296 3035 376 3099 pars
393 3025 508 3087 staret,
527 3000 607 3097 pars
625 3013 731 3079 altera
748 3013 888 3078 duceret
903 3012 1034 3077 orbem.

173 3119 351 3185 Daedalus
367 3118 499 3194 invidit,
520 3141 686 3206 sacraque
703 3140 746 3184 ex
764 3140 843 3185 arce
861 3118 1041 3184 Minervae
1173 3148 1225 3204 230

173 3226 394 3311 praecipitem
412 3226 513 3301 misit,
532 3226 666 3311 lapsum
684 3226 863 3298 mentitus3
889 3235 923 3289 at
937 3225 1035 3289 illum

171 3354 261 3418 quae
278 3333 369 3397 favet
384 3332 546 3419 ingeniis,
567 3332 702 3416 excepit
717 3331 848 3407 Pallas,
866 3351 1035 3417 avemque

173 3439 331 3514 reddidit,
350 3450 383 3504 et
401 3439 512 3503 medio
528 3439 654 3503 velavit
669 3438 704 3502 in
722 3443 803 3503 a'e're
820 3438 954 3523 pennis.

173 3546 233 3610 sed
249 3545 349 3633 vigor
365 3544 495 3632 ingenii
512 3545 687 3631 quondam
704 3545 833 3611 velocis
849 3544 883 3609 in
902 3544 975 3609 alas

172 3652 275 3739 inque
293 3652 398 3737 pedes
416 3652 517 3725 abiit;
542 3672 666 3716 nornen
684 3651 775 3736 quod
793 3663 826 3717 et
842 3661 933 3725 ante,
952 3649 1126 3715 remansit.
1174 3680 1223 3737 255

172 3780 241 3823 non
257 3771 372 3824 tamen
391 3758 477 3822 haec
495 3759 561 3822 alte
577 3757 726 3821 volucris
743 3778 805 3821 sua
821 3778 964 3842 corpora
981 3756 1079 3833 tollit,

172 3886 238 3929 nec
254 3865 334 3929 facit
351 3864 385 3928 in
402 3863 506 3928 ramis
523 3865 658 3949 altoque
675 3863 855 3928 cacumine
872 3864 992 3929 nidos:

173 3980 311 4055 propter
328 3969 470 4033 humum
487 3968 615 4043 volitat,
635 3968 798 4054 ponitque
815 3968 849 4032 in
866 3970 1005 4054 sepibus
1023 3990 1102 4045 ova,

175 4075 371 4163 antiquique
389 4096 520 4139 memor
537 4073 654 4140 metuit
670 4074 830 4139 sublimia
847 4096 959 4141 casus.
