2767 4467
156 290 295 361 tv.163.]
408 282 528 349 Denta
552 284 692 370 asboth
715 285 773 355 the
793 285 942 355 Lovers.
1162 306 1204 375 41
1234 359 1239 367 ,

150 487 347 565 quantaque
359 478 482 546 vitarit
494 500 634 549 narrare
650 481 805 568 pericula
820 481 936 569 gestit.
1157 512 1208 567 130

150 596 255 672 utque
271 587 402 662 locum,
421 586 541 651 emisa
558 588 738 674 cognoscit
751 587 788 657 in
803 588 925 658 arbore
939 587 1100 666 sormam,

151 691 200 756 sic
217 691 300 756 facit
313 692 483 757 incertam
499 693 592 781 pomi
610 694 725 761 colori
748 694 882 769 haeret,
899 715 945 759 an
961 695 1049 760 haec
1066 694 1120 760 sit.

151 799 232 863 dum
250 797 394 873 dubitat,
413 798 639 863 tremebunda
656 799 749 865 videt
764 782 902 885 pulsare
918 812 1097 865 cruentum

151 906 305 969 membra
323 906 449 979 solum,
468 914 626 991 retroque
642 906 766 990 pedem
782 905 870 979 tulit,
888 926 1016 991 oraque
1032 905 1127 972 buxo

150 1011 333 1095 pallidiora
350 1032 491 1097 gerens,
510 1010 687 1075 exhorruit
703 1010 861 1097 aequoris
877 1010 997 1085 instar,
1155 1041 1204 1099 135

149 1118 243 1203 quod
260 1117 385 1192 tremit,
404 1116 532 1201 exigua
548 1136 628 1181 cum
645 1136 818 1181 summum
835 1116 1013 1203 stringitur
1029 1135 1125 1181 aura.

196 1222 269 1288 Sed
287 1232 467 1309 postquam
485 1232 655 1288 remorata
672 1244 753 1287 suos
769 1223 931 1309 cognovit
946 1242 1095 1300 amores,

148 1330 296 1415 percutit
313 1328 480 1416 indignos:
490 1329 584 1397 claro
601 1329 771 1415 plangore
785 1328 944 1405 lacmos,

149 1446 184 1500 et
200 1436 328 1499 laniata
344 1456 474 1509 comas,
493 1435 722 1522 amplexaque
739 1455 863 1521 corpus
879 1448 1044 1514 amatum,

147 1542 293 1607 vulnera
311 1540 483 1627 supplevit
498 1541 662 1616 lacrimis,
681 1539 868 1634 fletumque
885 1543 996 1609 cruori
1110 1548 1113 1553 ’
1153 1573 1204 1627 ¹40

147 1648 298 1723 miscuit,
317 1658 351 1713 et
367 1648 491 1735 gelidis
507 1648 543 1712 in
560 1647 709 1713 vultibus
725 1650 843 1713 oscula
859 1649 984 1737 figens,

148 1753 324 1839 ‘Pyrame
336 1752 365 1817 l'
382 1753 543 1819 clamavit
559 1754 658 1840 ‘quis
675 1765 708 1819 te
726 1753 809 1819 mihi
825 1774 927 1821 casus
943 1754 1092 1823 ademit?

146 1860 313 1947 Pyrame,
331 1861 523 1945 responde:
546 1870 606 1925 tua
622 1870 654 1925 te
670 1860 851 1926 carissima
861 1861 1000 1928 Thisbe

144 1968 323 2032 nominata
348 1966 489 2045 exaudi,
507 1966 687 2054 vultusque
705 1963 823 2032 attolle·
831 1967 986 2056 jacentes
999 1967 1028 2032 l'

192 2073 251 2139 Ad
269 2094 395 2137 nomen
411 2065 562 2139 Thisbes
577 2074 697 2139 oculos
709 2073 781 2162 jam
801 2086 907 2139 morte
923 2086 1085 2162 gravatos
1153 2105 1200 2163 ¹45

145 2180 320 2267 Pyramus
335 2162 458 2254 erexit,
477 2179 619 2265 visaque
634 2181 828 2253 recondidit
842 2180 924 2257 illa3

145 2308 238 2375 quae
254 2282 438 2372 postquam
452 2296 655 2372 vestemque-
670 2307 767 2353 suam
786 2287 961 2375 cognovit,
979 2298 1012 2353 et
1027 2309 1110 2354 ense

144 2393 231 2458 vidit
247 2386 332 2458 ebor
343 2388 511 2487 uacuum,
530 2392 633 2457 ‘Tua
648 2402 681 2457 te
698 2394 841 2459 manus'
856 2394 965 2480 inquit
982 2404 1174 2481 ‘amorque'

145 2500 307 2586 perdidit,
325 2498 460 2565 infelix.
510 2496 572 2564 Est
588 2509 620 2564 et
637 2498 720 2565 mihi
736 2499 831 2565 sortis
847 2500 881 2564 in
899 2522 1006 2564 unum

145 2610 214 2672 hoc
231 2628 368 2683 manus,
386 2616 487 2672 estet
502 2626 620 2681 am0r3
645 2606 738 2672 dabit
752 2606 810 2673 hic
825 2606 861 2672 in
875 2608 1019 2672 vulnera
1034 2606 1137 2673 vires.

143 2732 336 2801 persequar
353 2712 575 2789 exstinctum,
592 2712 718 2799 letique
734 2712 927 2777 miserrima
943 2712 1039 2777 dicar

144 2841 253 2885 causa
269 2821 458 2909 comesque
465 2819 540 2895 tui3
564 2818 691 2905 quique
708 2839 729 2883 a
746 2838 802 2905 me
818 2830 925 2885 morte
940 2819 1059 2885 revelli

143 2927 216 2991 heu
231 2926 305 2991 sola
321 2937 473 3012 poteras,
491 2926 619 3011 poteris
636 2946 701 2991 nec
719 2936 825 2991 morte
842 2925 971 2992 revelli.

144 3035 214 3098 hoc
228 3044 344 3111 tamen
361 3032 541 3099 amborum
557 3021 672 3097 verbis
688 3044 794 3099 estote
810 3031 934 3121 rogati,

143 3140 179 3205 O
197 3141 339 3203 multum
358 3138 485 3215 miseri,
504 3161 602 3204 meus
618 3138 777 3225 illiusque
795 3151 968 3225 parentes,
1077 3161 1080 3168 ¹
1151 3172 1198 3229 155

142 3256 182 3311 ut
194 3267 284 3333 quos
301 3256 540 3322 certusamor,
557 3266 643 3332 quos
660 3246 745 3311 hora
761 3246 947 3311 novissima
958 3245 1084 3335 junxit,

144 3351 309 3439 componi
323 3351 455 3416 tumulo
471 3373 539 3417 non
556 3352 738 3441 invideatis
755 3353 888 3417 eodem.

145 3469 179 3523 at
194 3469 244 3533 tu,
262 3479 353 3544 quae
372 3457 475 3523 ramis
493 3458 594 3541 arbor
611 3458 805 3532 miserabile
823 3480 948 3546 corpus

144 3586 237 3629 nunc
253 3564 343 3650 tegis
360 3554 475 3639 unius,
494 3586 573 3629 mox
591 3586 628 3629 es
644 3574 774 3642 tectura
790 3565 949 3645 duorum,
970 3640 972 3642 ,

144 3673 246 3759 signa
263 3682 344 3735 tene
362 3648 490 3745 caedis,
510 3672 689 3757 pullosque
706 3681 740 3735 et
754 3671 902 3735 luctibus
918 3683 1015 3757 aptos
1148 3686 1197 3741 160

144 3798 282 3863 semper
299 3776 391 3841 habe
403 3759 507 3848 letus,
526 3776 655 3863 gemini
674 3788 893 3841 monumenta
909 3777 1064 3843 cruoris?

189 3884 300 3959 Dixit,
321 3892 356 3946 et
373 3891 486 3965 aptato
502 3892 621 3965 pectus
638 3900 802 3963 mucrone
819 3880 888 3972 sub*
899 3880 1005 3946 imum
1114 3872 1118 3878 ⁴

143 3989 301 4057 incubuit
317 3986 422 4062 ferro,
439 3986 531 4073 quod
547 3967 662 4049 adhuc
677 4006 699 4049 a
715 3983 822 4049 caede
837 3984 986 4066 tepebat.
