2767 4467
184 299 230 394 96
471 303 543 368 The
564 301 683 368 Death
707 303 755 387 ‘ff
767 301 952 368 Hercules.
1093 318 1236 390 [Mamur.

184 500 218 566 Ο
234 499 370 587 superi;
394 509 530 587 totoque
546 499 658 566 libens
675 497 757 563 mihi
776 509 913 583 pectore
930 509 1060 588 grator,

184 608 276 694 quod
293 608 454 672 memoris
470 606 587 692 populi
604 606 700 670 dicor
716 616 894 693 rectorque
911 618 1091 693 paterque,
1185 636 1235 692 245

185 724 218 778 et
234 734 311 778 mea
327 713 511 800 progenies
526 724 639 778 vestro
655 733 792 798 quoque
808 723 878 778 tuta
894 711 1012 778 favore
1028 723 1090 778 est.

185 841 265 884 nam
282 841 492 907 quamquam
508 818 616 904 ipsius
633 820 733 885 datur
749 819 815 884 hoc
832 818 1039 884 immanibus
1056 819 1154 897 actis,

185 927 320 1014 obligor
335 927 409 1013 ipse
425 937 553 991 tamen.
602 925 674 992 Sed
691 926 795 1002 enim,
814 948 858 992 ne
874 937 1013 1014 pectora
1029 947 1120 992 vano

184 1033 253 1099 fida
271 1045 362 1099 metu
379 1045 539 1119 paveant,
558 1031 707 1099 Oetaeas
724 1033 873 1119 spernite
889 1033 1060 1100 flammas.

184 1140 300 1206 omnia
315 1140 373 1228 qui
390 1140 483 1217 vicit,
499 1139 625 1216 vincet,
644 1150 730 1227 q'uos
746 1141 897 1217 cernitis,
915 1140 1035 1229 ignes3
1186 1171 1236 1227 250

185 1268 250 1313 nec
266 1247 331 1313 nisi
349 1258 503 1312 materna
518 1248 704 1313 vulcanum
721 1258 817 1334 parte
833 1258 1005 1333 potentem

185 1354 321 1420 sentiet.
361 1352 557 1427 ¹Aeternum
574 1364 626 1419 est
641 1374 662 1418 a
678 1375 733 1419 me
749 1354 841 1442 quod
857 1355 971 1430 traxit,
990 1364 1024 1420 et
1039 1375 1166 1440 expers

185 1470 286 1547 atque
302 1459 455 1524 immune
471 1460 579 1535 necis,
597 1461 762 1547 nullaque
778 1460 951 1526 domabile
966 1459 1130 1525 flamma:

184 1565 288 1652 idque
303 1586 371 1653 ego
387 1565 585 1630 defunctum
601 1577 691 1631 terra
708 1567 911 1633 caelestibus
927 1567 995 1632 oris

185 1672 367 1758 accipiam,
385 1672 584 1759 cunctisque
601 1695 716 1738 meum
734 1674 892 1739 laetabile
909 1674 1038 1739 sactum

184 1779 237 1846 dis
253 1778 325 1844 sore
342 1779 489 1845 confido.
538 1778 655 1866 Siquis
670 1791 786 1845 tamen
804 1779 969 1857 Hercule,
987 1779 1094 1868 siquis

184 1888 269 1952 sorte
285 1887 351 1952 deo
368 1887 532 1951 doliturus
549 1887 624 1962 erit,
642 1887 723 1952 data
740 1887 893 1973 praemia
911 1888 1023 1952 nolet:

184 1995 245 2060 sed
263 1993 427 2058 meruisse
442 1993 517 2058 dari
533 1993 629 2070 sciet,
647 1993 841 2081 invitusque
857 1992 1038 2080 probabit.’

228 2099 420 2166 Assensere
436 2100 490 2165 dei
504 2122 512 2174 ;
537 2099 687 2188 conjunx
704 2121 840 2187 quoque
856 2100 953 2187 regia
969 2100 1043 2166 visa
1059 2111 1111 2166 est

183 2218 296 2273 cetera
313 2228 382 2271 non
399 2206 497 2282 duro,
516 2205 601 2272 duro
617 2217 732 2272 tamen
749 2206 868 2271 ultima
884 2208 980 2272 vultu
1184 2225 1236 2280 260

183 2310 274 2376 dicta
291 2309 408 2374 tulisse
419 2308 528 2396 Jovis
547 2330 652 2396 seque
668 2309 856 2374 indoluisse
872 2320 1036 2375 notatam.

229 2416 362 2482 Interea
379 2416 619 2503 quodcumque
636 2416 698 2481 suit
713 2416 911 2502 populabile
927 2415 1100 2492 flammae,

183 2524 356 2590 Mulciber
372 2524 578 2598 abstulerat;
604 2543 668 2588 nec
685 2523 928 2611 cognoscenda
944 2523 1108 2588 remansit

185 2629 346 2697 Herculis
362 2631 508 2720 effigies,
526 2650 591 2695 nec
607 2631 792 2717 quicquam
809 2629 853 2694 ab
869 2629 1022 2716 imagine
1037 2631 1180 2695 ductum

183 2739 301 2804 matris
317 2740 432 2815 habet,
450 2749 650 2825 tantumque
662 2738 758 2825 Jovis
775 2736 919 2825 vestigia
936 2747 1060 2802 servat.

182 2858 286 2932 utque
303 2866 411 2910 novus
428 2867 569 2930 serpens
586 2845 696 2930 posita
712 2866 790 2909 cum
808 2845 898 2930 pelle
914 2854 1052 2908 senecta

182 2952 357 3017 luxuriare
373 2952 471 3027 solet,
490 2972 702 3037 squamaque
717 2951 827 3017 virere
843 2950 992 3016 recenti:

183 3059 234 3124 sic
250 3059 307 3124 ubi
325 3057 485 3123 mortales
499 3056 704 3144 Tirynthius
721 3057 935 3132 exultamus,

183 3177 278 3250 parte
295 3164 346 3229 sui
365 3164 504 3229 meliore
521 3164 624 3251 viget,
643 3163 818 3252 majorque
833 3162 941 3229 videri

183 3271 306 3356 coepit,
325 3281 359 3335 et
375 3281 521 3357 augusta
538 3270 611 3335 fieri
628 3270 796 3358 gravitate
808 3271 991 3335 verendus.
1184 3301 1235 3354 270

182 3399 285 3464 quern
303 3387 399 3462 pater
415 3376 631 3462 omnipotens
647 3376 734 3441 inter
750 3397 835 3440 cava
852 3377 968 3441 nubila
985 3388 1122 3464 raptum

183 3482 389 3572 quadrijugo
406 3503 508 3549 curru
524 3483 735 3549 radiantibus
751 3481 863 3548 intulit
879 3483 990 3549 astris.
