<?xml version="1.0" encoding="UTF-8"?>
<!DOCTYPE html PUBLIC "-//W3C//DTD XHTML 1.0 Transitional//EN"
    "http://www.w3.org/TR/xhtml1/DTD/xhtml1-transitional.dtd">
<html xmlns="http://www.w3.org/1999/xhtml" xml:lang="en" lang="en">
 <head>
  <title>
</title>
<meta http-equiv="Content-Type" content="text/html;charset=utf-8" />
  <meta name='ocr-system' content='tesseract 3.04.00' />
  <meta name='ocr-capabilities' content='ocr_page ocr_carea ocr_par ocr_line ocrx_word'/>
</head>
<body>
  <div class='ocr_page' id='page_1' title='image "./poemataquaedame01ovidgoog_0037.png"; bbox 0 0 2767 4467; ppageno 0'>
   <div class='ocr_carea' id='block_1_1' title="bbox 149 237 1202 331">
    <p class='ocr_par' dir='ltr' id='par_1_1' title="bbox 149 237 1202 331">
     <span class='ocr_line' id='line_1_1' title="bbox 149 237 1202 331; baseline -0.009 -20"><span class='ocrx_word' id='word_1_1' title='bbox 149 258 190 311; x_wconf 93' lang='lat'>11.</span> <span class='ocrx_word' id='word_1_2' title='bbox 213 258 286 331; x_wconf 89' lang='lat'>176.]</span> <span class='ocrx_word' id='word_1_3' title='bbox 315 237 351 304; x_wconf 90' lang='lat' dir='ltr'><em>T</em></span> <span class='ocrx_word' id='word_1_4' title='bbox 344 239 388 305; x_wconf 76' lang='lat' dir='ltr'>ke</span> <span class='ocrx_word' id='word_1_5' title='bbox 411 237 532 305; x_wconf 79' lang='lat' dir='ltr'>Steeds</span> <span class='ocrx_word' id='word_1_6' title='bbox 555 238 639 305; x_wconf 82' lang='lat' dir='ltr'><em>dash</em></span> <span class='ocrx_word' id='word_1_7' title='bbox 650 239 829 326; x_wconf 75' lang='lat' dir='ltr'>Jbrward</span> <span class='ocrx_word' id='word_1_8' title='bbox 849 260 893 304; x_wconf 84' lang='lat' dir='ltr'>on</span> <span class='ocrx_word' id='word_1_9' title='bbox 916 238 973 304; x_wconf 78' lang='lat' dir='ltr'>the</span> <span class='ocrx_word' id='word_1_10' title='bbox 994 237 1135 305; x_wconf 80' lang='lat' dir='ltr'>Course.</span> <span class='ocrx_word' id='word_1_11' title='bbox 1160 254 1202 321; x_wconf 78' lang='lat'>23</span> 
     </span>
    </p>
   </div>
   <div class='ocr_carea' id='block_1_2' title="bbox 30 434 1223 4033">
    <p class='ocr_par' dir='ltr' id='par_1_2' title="bbox 30 434 1223 4033">
     <span class='ocr_line' id='line_1_2' title="bbox 148 434 1051 523; baseline -0.001 -22"><span class='ocrx_word' id='word_1_12' title='bbox 148 436 293 502; x_wconf 90' lang='lat' dir='ltr'>humida</span> <span class='ocrx_word' id='word_1_13' title='bbox 309 458 380 501; x_wconf 84' lang='lat' dir='ltr'>nox</span> <span class='ocrx_word' id='word_1_14' title='bbox 396 435 527 523; x_wconf 85' lang='lat' dir='ltr'>tetigit;</span> <span class='ocrx_word' id='word_1_15' title='bbox 551 457 621 501; x_wconf 91' lang='lat' dir='ltr'>non</span> <span class='ocrx_word' id='word_1_16' title='bbox 637 446 688 501; x_wconf 90' lang='lat' dir='ltr'>est</span> <span class='ocrx_word' id='word_1_17' title='bbox 705 456 800 502; x_wconf 82' lang='lat' dir='ltr'>mora</span> <span class='ocrx_word' id='word_1_18' title='bbox 816 436 924 501; x_wconf 89' lang='lat' dir='ltr'>libera</span> <span class='ocrx_word' id='word_1_19' title='bbox 939 434 1051 501; x_wconf 90' lang='lat' dir='ltr'>nobis.</span> 
     </span>
     <span class='ocr_line' id='line_1_3' title="bbox 148 541 975 629; baseline -0.005 -20"><span class='ocrx_word' id='word_1_20' title='bbox 148 544 344 629; x_wconf 88' lang='lat' dir='ltr'>poscimur:</span> <span class='ocrx_word' id='word_1_21' title='bbox 371 541 514 627; x_wconf 87' lang='lat' dir='ltr'>effulget</span> <span class='ocrx_word' id='word_1_22' title='bbox 529 542 678 608; x_wconf 88' lang='lat' dir='ltr'>tenebris</span> <span class='ocrx_word' id='word_1_23' title='bbox 696 563 819 607; x_wconf 90' lang='lat' dir='ltr'>aurora</span> <span class='ocrx_word' id='word_1_24' title='bbox 836 542 975 629; x_wconf 82' lang='lat' dir='ltr'>sugatis.</span> 
     </span>
     <span class='ocr_line' id='line_1_4' title="bbox 149 649 1203 735; baseline 0.004 -21"><span class='ocrx_word' id='word_1_25' title='bbox 149 650 282 735; x_wconf 87' lang='lat' dir='ltr'>corripe</span> <span class='ocrx_word' id='word_1_26' title='bbox 299 650 373 714; x_wconf 86' lang='lat' dir='ltr'>lora</span> <span class='ocrx_word' id='word_1_27' title='bbox 390 669 516 723; x_wconf 85' lang='lat' dir='ltr'>manu3</span> <span class='ocrx_word' id='word_1_28' title='bbox 540 650 609 725; x_wconf 90' lang='lat' dir='ltr'>vel,</span> <span class='ocrx_word' id='word_1_29' title='bbox 628 650 655 714; x_wconf 94' lang='lat' dir='ltr'>si</span> <span class='ocrx_word' id='word_1_30' title='bbox 672 649 835 713; x_wconf 89' lang='lat' dir='ltr'>mutabile</span> <span class='ocrx_word' id='word_1_31' title='bbox 852 659 971 733; x_wconf 88' lang='lat' dir='ltr'>pectus</span> <span class='ocrx_word' id='word_1_32' title='bbox 1154 678 1203 733; x_wconf 78' lang='lat'>145</span> 
     </span>
     <span class='ocr_line' id='line_1_5' title="bbox 148 754 998 832; baseline -0.001 -11"><span class='ocrx_word' id='word_1_33' title='bbox 148 767 201 821; x_wconf 88' lang='lat' dir='ltr'>est</span> <span class='ocrx_word' id='word_1_34' title='bbox 216 756 288 832; x_wconf 93' lang='lat' dir='ltr'>tibi,</span> <span class='ocrx_word' id='word_1_35' title='bbox 308 754 473 830; x_wconf 58' lang='lat' dir='ltr'>consiliis</span> <span class='ocrx_word' id='word_1_36' title='bbox 492 776 561 819; x_wconf 89' lang='lat' dir='ltr'>non</span> <span class='ocrx_word' id='word_1_37' title='bbox 577 755 734 821; x_wconf 89' lang='lat' dir='ltr'>curribus</span> <span class='ocrx_word' id='word_1_38' title='bbox 750 766 844 820; x_wconf 89' lang='lat' dir='ltr'>utere</span> <span class='ocrx_word' id='word_1_39' title='bbox 861 754 998 831; x_wconf 89' lang='lat' dir='ltr'>nostris,</span> 
     </span>
     <span class='ocr_line' id='line_1_6' title="bbox 149 860 1071 947; baseline -0.002 -20"><span class='ocrx_word' id='word_1_40' title='bbox 149 862 231 927; x_wconf 91' lang='lat' dir='ltr'>dum</span> <span class='ocrx_word' id='word_1_41' title='bbox 250 872 358 947; x_wconf 86' lang='lat' dir='ltr'>potes,</span> <span class='ocrx_word' id='word_1_42' title='bbox 378 871 411 926; x_wconf 92' lang='lat' dir='ltr'>et</span> <span class='ocrx_word' id='word_1_43' title='bbox 427 860 545 926; x_wconf 90' lang='lat' dir='ltr'>solidis</span> <span class='ocrx_word' id='word_1_44' title='bbox 561 860 663 925; x_wconf 89' lang='lat' dir='ltr'>etiarn</span> <span class='ocrx_word' id='word_1_45' title='bbox 680 882 773 926; x_wconf 90' lang='lat' dir='ltr'>nunc</span> <span class='ocrx_word' id='word_1_46' title='bbox 789 861 927 927; x_wconf 90' lang='lat' dir='ltr'>sedibus</span> <span class='ocrx_word' id='word_1_47' title='bbox 944 862 1071 938; x_wconf 86' lang='lat' dir='ltr'>adstas,</span> 
     </span>
     <span class='ocr_line' id='line_1_7' title="bbox 149 967 1126 1056; baseline -0.002 -22"><span class='ocrx_word' id='word_1_48' title='bbox 149 969 300 1056; x_wconf 90' lang='lat' dir='ltr'>dumque</span> <span class='ocrx_word' id='word_1_49' title='bbox 318 968 408 1033; x_wconf 89' lang='lat' dir='ltr'>male</span> <span class='ocrx_word' id='word_1_50' title='bbox 425 979 557 1054; x_wconf 86' lang='lat' dir='ltr'>optatos</span> <span class='ocrx_word' id='word_1_51' title='bbox 573 968 725 1035; x_wconf 90' lang='lat' dir='ltr'>nondum</span> <span class='ocrx_word' id='word_1_52' title='bbox 743 968 871 1054; x_wconf 90' lang='lat' dir='ltr'>premis</span> <span class='ocrx_word' id='word_1_53' title='bbox 887 967 1015 1033; x_wconf 88' lang='lat' dir='ltr'>inscius</span> <span class='ocrx_word' id='word_1_54' title='bbox 1030 989 1126 1035; x_wconf 89' lang='lat' dir='ltr'>axes.</span> 
     </span>
     <span class='ocr_line' id='line_1_8' title="bbox 149 1073 1057 1161; baseline 0 -22"><span class='ocrx_word' id='word_1_55' title='bbox 149 1096 238 1161; x_wconf 88' lang='lat' dir='ltr'>quae</span> <span class='ocrx_word' id='word_1_56' title='bbox 254 1085 346 1141; x_wconf 89' lang='lat' dir='ltr'>tutus</span> <span class='ocrx_word' id='word_1_57' title='bbox 363 1086 508 1160; x_wconf 76' lang='lat' dir='ltr'>specteS,</span> <span class='ocrx_word' id='word_1_58' title='bbox 527 1074 602 1139; x_wconf 88' lang='lat' dir='ltr'>sine</span> <span class='ocrx_word' id='word_1_59' title='bbox 619 1095 674 1139; x_wconf 89' lang='lat' dir='ltr'>me</span> <span class='ocrx_word' id='word_1_60' title='bbox 690 1075 773 1139; x_wconf 88' lang='lat' dir='ltr'>dare</span> <span class='ocrx_word' id='word_1_61' title='bbox 788 1074 921 1138; x_wconf 87' lang='lat' dir='ltr'>lumina</span> <span class='ocrx_word' id='word_1_62' title='bbox 936 1073 1057 1139; x_wconf 67' lang='lat' dir='ltr'>terris?</span> 
     </span>
     <span class='ocr_line' id='line_1_9' title="bbox 194 1175 1202 1268; baseline -0.005 -20"><span class='ocrx_word' id='word_1_63' title='bbox 194 1181 354 1268; x_wconf 87' lang='lat' dir='ltr'><strong>Occupat</strong></span> <span class='ocrx_word' id='word_1_64' title='bbox 369 1182 426 1247; x_wconf 90' lang='lat' dir='ltr'>ille</span> <span class='ocrx_word' id='word_1_65' title='bbox 443 1182 554 1247; x_wconf 89' lang='lat' dir='ltr'>levem</span> <span class='ocrx_word' id='word_1_66' title='bbox 567 1175 873 1268; x_wconf 77' lang='lat' dir='ltr'>juvenili&#39;corpore</span> <span class='ocrx_word' id='word_1_67' title='bbox 890 1201 1040 1255; x_wconf 89' lang='lat' dir='ltr'>currum,</span> <span class='ocrx_word' id='word_1_68' title='bbox 1152 1210 1202 1266; x_wconf 82' lang='lat'>150</span> 
     </span>
     <span class='ocr_line' id='line_1_10' title="bbox 148 1285 1163 1375; baseline -0.002 -22"><span class='ocrx_word' id='word_1_69' title='bbox 148 1299 283 1375; x_wconf 90' lang='lat' dir='ltr'>statque</span> <span class='ocrx_word' id='word_1_70' title='bbox 299 1308 414 1375; x_wconf 89' lang='lat' dir='ltr'>super,</span> <span class='ocrx_word' id='word_1_71' title='bbox 432 1287 658 1373; x_wconf 87' lang='lat' dir='ltr'>manibusque</span> <span class='ocrx_word' id='word_1_72' title='bbox 677 1286 775 1351; x_wconf 90' lang='lat' dir='ltr'>datas</span> <span class='ocrx_word' id='word_1_73' title='bbox 792 1285 991 1375; x_wconf 87' lang='lat' dir='ltr'>contingere</span> <span class='ocrx_word' id='word_1_74' title='bbox 1009 1286 1163 1353; x_wconf 87' lang='lat' dir='ltr'>habenas</span> 
     </span>
     <span class='ocr_line' id='line_1_11' title="bbox 148 1392 944 1482; baseline -0.003 -23"><span class='ocrx_word' id='word_1_75' title='bbox 148 1396 291 1482; x_wconf 87' lang='lat' dir='ltr'>gaudet,</span> <span class='ocrx_word' id='word_1_76' title='bbox 310 1404 343 1460; x_wconf 89' lang='lat' dir='ltr'>et</span> <span class='ocrx_word' id='word_1_77' title='bbox 359 1394 463 1460; x_wconf 88' lang='lat' dir='ltr'>invito</span> <span class='ocrx_word' id='word_1_78' title='bbox 479 1404 595 1482; x_wconf 85' lang='lat' dir='ltr'>grates</span> <span class='ocrx_word' id='word_1_79' title='bbox 614 1392 685 1481; x_wconf 84' lang='lat' dir='ltr'>ugit</span> <span class='ocrx_word' id='word_1_80' title='bbox 701 1392 781 1458; x_wconf 92' lang='lat' dir='ltr'>inde</span> <span class='ocrx_word' id='word_1_81' title='bbox 798 1394 944 1477; x_wconf 89' lang='lat' dir='ltr'>parenti.</span> 
     </span>
     <span class='ocr_line' id='line_1_12' title="bbox 147 1497 921 1588; baseline -0.004 -23"><span class='ocrx_word' id='word_1_82' title='bbox 147 1502 280 1567; x_wconf 80' lang='lat' dir='ltr'>interea</span> <span class='ocrx_word' id='word_1_83' title='bbox 296 1502 454 1566; x_wconf 90' lang='lat' dir='ltr'>volucres</span> <span class='ocrx_word' id='word_1_84' title='bbox 469 1500 592 1588; x_wconf 91' lang='lat' dir='ltr'>Pyrois</span> <span class='ocrx_word' id='word_1_85' title='bbox 609 1499 703 1565; x_wconf 77' lang='lat' dir='ltr'>Eous</span> <span class='ocrx_word' id='word_1_86' title='bbox 719 1509 753 1564; x_wconf 91' lang='lat' dir='ltr'>et</span> <span class='ocrx_word' id='word_1_87' title='bbox 767 1497 921 1575; x_wconf 85' lang='lat' dir='ltr'><strong>Aethon,</strong></span> 
     </span>
     <span class='ocr_line' id='line_1_13' title="bbox 147 1605 1078 1693; baseline 0 -21"><span class='ocrx_word' id='word_1_88' title='bbox 147 1608 229 1673; x_wconf 89' lang='lat' dir='ltr'>solis</span> <span class='ocrx_word' id='word_1_89' title='bbox 246 1607 338 1693; x_wconf 92' lang='lat' dir='ltr'>equi,</span> <span class='ocrx_word' id='word_1_90' title='bbox 356 1619 563 1693; x_wconf 82' lang='lat' dir='ltr'>quartusque</span> <span class='ocrx_word' id='word_1_91' title='bbox 580 1606 752 1693; x_wconf 85' lang='lat' dir='ltr'>Phlegon,</span> <span class='ocrx_word' id='word_1_92' title='bbox 772 1605 958 1671; x_wconf 88' lang='lat' dir='ltr'>hinnitibus</span> <span class='ocrx_word' id='word_1_93' title='bbox 975 1627 1078 1673; x_wconf 84' lang='lat' dir='ltr'>auras</span> 
     </span>
     <span class='ocr_line' id='line_1_14' title="bbox 146 1712 1223 1800; baseline 0.006 -24"><span class='ocrx_word' id='word_1_94' title='bbox 146 1713 361 1778; x_wconf 84' lang='lat' dir='ltr'>flammiferis</span> <span class='ocrx_word' id='word_1_95' title='bbox 377 1713 533 1798; x_wconf 81' lang='lat' dir='ltr'>implent,</span> <span class='ocrx_word' id='word_1_96' title='bbox 551 1713 764 1799; x_wconf 89' lang='lat' dir='ltr'>pedibusque</span> <span class='ocrx_word' id='word_1_97' title='bbox 780 1712 949 1799; x_wconf 87' lang='lat' dir='ltr'>repagula</span> <span class='ocrx_word' id='word_1_98' title='bbox 965 1714 1115 1798; x_wconf 85' lang='lat' dir='ltr'>pulsant.</span> <span class='ocrx_word' id='word_1_99' title='bbox 1151 1742 1199 1800; x_wconf 80' lang='lat'>¹55</span> <span class='ocrx_word' id='word_1_100' title='bbox 1218 1718 1223 1725; x_wconf 73' lang='grc'>’</span> 
     </span>
     <span class='ocr_line' id='line_1_15' title="bbox 146 1818 1063 1907; baseline 0.002 -24"><span class='ocrx_word' id='word_1_101' title='bbox 146 1841 237 1906; x_wconf 88' lang='lat' dir='ltr'>quae</span> <span class='ocrx_word' id='word_1_102' title='bbox 254 1830 434 1906; x_wconf 88' lang='lat' dir='ltr'>postquam</span> <span class='ocrx_word' id='word_1_103' title='bbox 451 1819 597 1907; x_wconf 85' lang='lat' dir='ltr'>Tethys,</span> <span class='ocrx_word' id='word_1_104' title='bbox 616 1819 762 1884; x_wconf 85' lang='lat' dir='ltr'>satorum</span> <span class='ocrx_word' id='word_1_105' title='bbox 778 1820 901 1907; x_wconf 89' lang='lat' dir='ltr'>ignara</span> <span class='ocrx_word' id='word_1_106' title='bbox 917 1818 1063 1904; x_wconf 79' lang='lat' dir='ltr'>nepotiS,</span> 
     </span>
     <span class='ocr_line' id='line_1_16' title="bbox 145 1925 974 2012; baseline -0.002 -22"><span class='ocrx_word' id='word_1_107' title='bbox 145 1928 309 2012; x_wconf 88' lang='lat' dir='ltr'>reppulit,</span> <span class='ocrx_word' id='word_1_108' title='bbox 328 1937 362 1991; x_wconf 88' lang='lat' dir='ltr'>et</span> <span class='ocrx_word' id='word_1_109' title='bbox 377 1926 467 1991; x_wconf 87' lang='lat' dir='ltr'>facta</span> <span class='ocrx_word' id='word_1_110' title='bbox 484 1937 535 1991; x_wconf 89' lang='lat' dir='ltr'>est</span> <span class='ocrx_word' id='word_1_111' title='bbox 551 1926 707 1991; x_wconf 88' lang='lat' dir='ltr'>immensi</span> <span class='ocrx_word' id='word_1_112' title='bbox 725 1926 824 2011; x_wconf 91' lang='lat' dir='ltr'>copia</span> <span class='ocrx_word' id='word_1_113' title='bbox 842 1925 974 2000; x_wconf 92' lang='lat' dir='ltr'>mundi,</span> 
     </span>
     <span class='ocr_line' id='line_1_17' title="bbox 146 2030 989 2120; baseline 0 -24"><span class='ocrx_word' id='word_1_114' title='bbox 146 2033 344 2120; x_wconf 89' lang='lat' dir='ltr'>corripuere</span> <span class='ocrx_word' id='word_1_115' title='bbox 359 2031 467 2107; x_wconf 90' lang='lat' dir='ltr'>viam,</span> <span class='ocrx_word' id='word_1_116' title='bbox 485 2030 697 2120; x_wconf 90' lang='lat' dir='ltr'>pedibusque</span> <span class='ocrx_word' id='word_1_117' title='bbox 708 2053 775 2118; x_wconf 92' lang='lat' dir='ltr'>per</span> <span class='ocrx_word' id='word_1_118' title='bbox 791 2036 872 2096; x_wconf 67' lang='lat' dir='ltr'>aera</span> <span class='ocrx_word' id='word_1_119' title='bbox 890 2030 989 2096; x_wconf 91' lang='lat' dir='ltr'>motis</span> 
     </span>
     <span class='ocr_line' id='line_1_18' title="bbox 146 2137 997 2229; baseline 0 -24"><span class='ocrx_word' id='word_1_120' title='bbox 146 2140 322 2225; x_wconf 24' lang='lat' dir='ltr'>obstantes·</span> <span class='ocrx_word' id='word_1_121' title='bbox 336 2140 497 2205; x_wconf 91' lang='lat' dir='ltr'>scindunt</span> <span class='ocrx_word' id='word_1_122' title='bbox 513 2140 670 2229; x_wconf 75' lang='lat' dir='ltr'>nebulae,</span> <span class='ocrx_word' id='word_1_123' title='bbox 688 2138 877 2224; x_wconf 89' lang='lat' dir='ltr'>pennisque</span> <span class='ocrx_word' id='word_1_124' title='bbox 894 2137 997 2205; x_wconf 89' lang='lat' dir='ltr'>levati</span> 
     </span>
     <span class='ocr_line' id='line_1_19' title="bbox 144 2244 1200 2333; baseline 0.001 -23"><span class='ocrx_word' id='word_1_125' title='bbox 144 2257 366 2333; x_wconf 89' lang='lat' dir='ltr'>praetereunt</span> <span class='ocrx_word' id='word_1_126' title='bbox 380 2256 471 2311; x_wconf 90' lang='lat' dir='ltr'>ortos</span> <span class='ocrx_word' id='word_1_127' title='bbox 487 2247 595 2312; x_wconf 85' lang='lat' dir='ltr'>isdem</span> <span class='ocrx_word' id='word_1_128' title='bbox 612 2247 655 2311; x_wconf 90' lang='lat' dir='ltr'>de</span> <span class='ocrx_word' id='word_1_129' title='bbox 672 2246 825 2331; x_wconf 90' lang='lat' dir='ltr'>partibus</span> <span class='ocrx_word' id='word_1_130' title='bbox 845 2244 967 2312; x_wconf 89' lang='lat' dir='ltr'>Euros.</span> <span class='ocrx_word' id='word_1_131' title='bbox 1150 2262 1200 2317; x_wconf 84' lang='lat'>160</span> 
     </span>
     <span class='ocr_line' id='line_1_20' title="bbox 163 2352 1185 2440; baseline 0.001 -23"><span class='ocrx_word' id='word_1_132' title='bbox 163 2378 171 2383; x_wconf 86' lang='lat'><em>·</em></span> <span class='ocrx_word' id='word_1_133' title='bbox 193 2352 264 2418; x_wconf 89' lang='lat' dir='ltr'>Sed</span> <span class='ocrx_word' id='word_1_134' title='bbox 280 2354 357 2418; x_wconf 91' lang='lat' dir='ltr'>leve</span> <span class='ocrx_word' id='word_1_135' title='bbox 375 2354 507 2439; x_wconf 89' lang='lat' dir='ltr'>pondus</span> <span class='ocrx_word' id='word_1_136' title='bbox 524 2364 609 2428; x_wconf 90' lang='lat' dir='ltr'>erat,</span> <span class='ocrx_word' id='word_1_137' title='bbox 628 2373 692 2417; x_wconf 92' lang='lat' dir='ltr'>nec</span> <span class='ocrx_word' id='word_1_138' title='bbox 708 2352 799 2440; x_wconf 93' lang='lat' dir='ltr'>quod</span> <span class='ocrx_word' id='word_1_139' title='bbox 817 2372 1028 2440; x_wconf 86' lang='lat' dir='ltr'>cognoscere</span> <span class='ocrx_word' id='word_1_140' title='bbox 1044 2364 1185 2439; x_wconf 89' lang='lat' dir='ltr'>possent</span> 
     </span>
     <span class='ocr_line' id='line_1_21' title="bbox 146 2455 1023 2545; baseline -0.003 -23"><span class='ocrx_word' id='word_1_141' title='bbox 146 2456 238 2522; x_wconf 91' lang='lat' dir='ltr'>Solis</span> <span class='ocrx_word' id='word_1_142' title='bbox 255 2455 348 2544; x_wconf 91' lang='lat' dir='ltr'>equi,</span> <span class='ocrx_word' id='word_1_143' title='bbox 368 2457 532 2543; x_wconf 89' lang='lat' dir='ltr'>solitaque</span> <span class='ocrx_word' id='word_1_144' title='bbox 545 2456 671 2545; x_wconf 87' lang='lat' dir='ltr'>jugum</span> <span class='ocrx_word' id='word_1_145' title='bbox 686 2456 854 2545; x_wconf 85' lang='lat' dir='ltr'>gravitate</span> <span class='ocrx_word' id='word_1_146' title='bbox 873 2458 1023 2521; x_wconf 85' lang='lat' dir='ltr'>carebat.</span> 
     </span>
     <span class='ocr_line' id='line_1_22' title="bbox 144 2563 1026 2651; baseline 0 -24"><span class='ocrx_word' id='word_1_147' title='bbox 144 2576 250 2649; x_wconf 91' lang='lat' dir='ltr'>utque</span> <span class='ocrx_word' id='word_1_148' title='bbox 267 2563 386 2627; x_wconf 90' lang='lat' dir='ltr'>labant</span> <span class='ocrx_word' id='word_1_149' title='bbox 401 2583 526 2628; x_wconf 86' lang='lat' dir='ltr'>curvae</span> <span class='ocrx_word' id='word_1_150' title='bbox 539 2563 629 2651; x_wconf 91' lang='lat' dir='ltr'>justo</span> <span class='ocrx_word' id='word_1_151' title='bbox 647 2564 721 2629; x_wconf 91' lang='lat' dir='ltr'>sine</span> <span class='ocrx_word' id='word_1_152' title='bbox 738 2563 890 2649; x_wconf 88' lang='lat' dir='ltr'>pondere</span> <span class='ocrx_word' id='word_1_153' title='bbox 907 2570 1026 2638; x_wconf 87' lang='lat' dir='ltr'>naves,</span> 
     </span>
     <span class='ocr_line' id='line_1_23' title="bbox 96 2668 1089 2755; baseline 0.002 -22"><span class='ocrx_word' id='word_1_154' title='bbox 96 2674 114 2724; x_wconf 75' lang='lat'><em>³</em></span> <span class='ocrx_word' id='word_1_155' title='bbox 145 2690 276 2755; x_wconf 87' lang='lat' dir='ltr'>perque</span> <span class='ocrx_word' id='word_1_156' title='bbox 293 2690 387 2735; x_wconf 87' lang='lat' dir='ltr'>mare</span> <span class='ocrx_word' id='word_1_157' title='bbox 404 2669 579 2735; x_wconf 89' lang='lat' dir='ltr'>instabiles</span> <span class='ocrx_word' id='word_1_158' title='bbox 594 2670 701 2735; x_wconf 89' lang='lat' dir='ltr'>nimia</span> <span class='ocrx_word' id='word_1_159' title='bbox 718 2669 855 2735; x_wconf 90' lang='lat' dir='ltr'>levitate</span> <span class='ocrx_word' id='word_1_160' title='bbox 872 2668 1039 2747; x_wconf 87' lang='lat' dir='ltr'>feruntur,</span> <span class='ocrx_word' id='word_1_161' title='bbox 1083 2727 1089 2735; x_wconf 87' lang='lat'>.</span> 
     </span>
     <span class='ocr_line' id='line_1_24' title="bbox 30 2775 1198 2864; baseline 0.002 -25"><span class='ocrx_word' id='word_1_162' title='bbox 30 2804 35 2813; x_wconf 95' lang='lat'>·</span> <span class='ocrx_word' id='word_1_163' title='bbox 146 2775 316 2839; x_wconf 89' lang='lat' dir='ltr'>siconere</span> <span class='ocrx_word' id='word_1_164' title='bbox 334 2788 468 2841; x_wconf 89' lang='lat' dir='ltr'>assueto</span> <span class='ocrx_word' id='word_1_165' title='bbox 484 2796 614 2842; x_wconf 88' lang='lat' dir='ltr'>vacuus</span> <span class='ocrx_word' id='word_1_166' title='bbox 631 2775 742 2840; x_wconf 89' lang='lat' dir='ltr'>datin</span> <span class='ocrx_word' id='word_1_167' title='bbox 759 2780 839 2840; x_wconf 73' lang='lat' dir='ltr'>aere</span> <span class='ocrx_word' id='word_1_168' title='bbox 855 2778 977 2852; x_wconf 91' lang='lat' dir='ltr'>saltus,</span> <span class='ocrx_word' id='word_1_169' title='bbox 1150 2793 1198 2864; x_wconf 83' lang='lat'>¹⁶5</span> 
     </span>
     <span class='ocr_line' id='line_1_25' title="bbox 75 2881 1113 2969; baseline 0.006 -24"><span class='ocrx_word' id='word_1_170' title='bbox 75 2895 77 2899; x_wconf 85' lang='grc'><strong>’</strong></span> <span class='ocrx_word' id='word_1_171' title='bbox 146 2881 399 2967; x_wconf 88' lang='lat' dir='ltr'>succutiturque</span> <span class='ocrx_word' id='word_1_172' title='bbox 415 2883 495 2958; x_wconf 89' lang='lat' dir='ltr'>alte,</span> <span class='ocrx_word' id='word_1_173' title='bbox 514 2882 702 2969; x_wconf 89' lang='lat' dir='ltr'>similisque</span> <span class='ocrx_word' id='word_1_174' title='bbox 719 2893 771 2948; x_wconf 91' lang='lat' dir='ltr'>est</span> <span class='ocrx_word' id='word_1_175' title='bbox 786 2904 906 2949; x_wconf 91' lang='lat' dir='ltr'>currus</span> <span class='ocrx_word' id='word_1_176' title='bbox 922 2882 1028 2948; x_wconf 88' lang='lat' dir='ltr'>inani.</span> <span class='ocrx_word' id='word_1_177' title='bbox 1109 2945 1113 2951; x_wconf 84' lang='lat'>.</span> 
     </span>
     <span class='ocr_line' id='line_1_26' title="bbox 145 2988 1131 3076; baseline 0.003 -26"><span class='ocrx_word' id='word_1_178' title='bbox 145 2988 238 3073; x_wconf 93' lang='lat' dir='ltr'>quod</span> <span class='ocrx_word' id='word_1_179' title='bbox 256 2988 356 3052; x_wconf 92' lang='lat' dir='ltr'>simul</span> <span class='ocrx_word' id='word_1_180' title='bbox 374 3008 415 3052; x_wconf 89' lang='lat' dir='ltr'>ac</span> <span class='ocrx_word' id='word_1_181' title='bbox 431 3010 582 3064; x_wconf 87' lang='lat' dir='ltr'>sensere,</span> <span class='ocrx_word' id='word_1_182' title='bbox 601 3001 716 3065; x_wconf 90' lang='lat' dir='ltr'>ruunt,</span> <span class='ocrx_word' id='word_1_183' title='bbox 734 2989 917 3076; x_wconf 90' lang='lat' dir='ltr'>tritumque</span> <span class='ocrx_word' id='word_1_184' title='bbox 934 2990 1131 3075; x_wconf 91' lang='lat' dir='ltr'>relinquunt</span> 
     </span>
     <span class='ocr_line' id='line_1_27' title="bbox 144 3093 1117 3181; baseline 0 -25"><span class='ocrx_word' id='word_1_185' title='bbox 144 3093 341 3181; x_wconf 85' lang='lat' dir='ltr'>quadrijugi</span> <span class='ocrx_word' id='word_1_186' title='bbox 359 3095 518 3179; x_wconf 89' lang='lat' dir='ltr'>spatium,</span> <span class='ocrx_word' id='word_1_187' title='bbox 538 3116 601 3160; x_wconf 91' lang='lat' dir='ltr'>nec</span> <span class='ocrx_word' id='word_1_188' title='bbox 617 3116 685 3181; x_wconf 93' lang='lat' dir='ltr'>quo</span> <span class='ocrx_word' id='word_1_189' title='bbox 704 3096 810 3181; x_wconf 91' lang='lat' dir='ltr'>prius,</span> <span class='ocrx_word' id='word_1_190' title='bbox 828 3096 948 3161; x_wconf 88' lang='lat' dir='ltr'>ordine</span> <span class='ocrx_word' id='word_1_191' title='bbox 965 3104 1117 3159; x_wconf 87' lang='lat' dir='ltr'>currunt.</span> 
     </span>
     <span class='ocr_line' id='line_1_28' title="bbox 143 3195 1145 3288; baseline 0.002 -25"><span class='ocrx_word' id='word_1_192' title='bbox 143 3200 219 3285; x_wconf 92' lang='lat' dir='ltr'>ipse</span> <span class='ocrx_word' id='word_1_193' title='bbox 235 3213 357 3285; x_wconf 82' lang='lat' dir='ltr'>pavet3</span> <span class='ocrx_word' id='word_1_194' title='bbox 382 3222 447 3266; x_wconf 87' lang='lat' dir='ltr'>nec</span> <span class='ocrx_word' id='word_1_195' title='bbox 463 3222 531 3288; x_wconf 87' lang='lat' dir='ltr'>qua</span> <span class='ocrx_word' id='word_1_196' title='bbox 548 3201 749 3267; x_wconf 86' lang='lat' dir='ltr'>commissas</span> <span class='ocrx_word' id='word_1_197' title='bbox 764 3202 879 3267; x_wconf 89' lang='lat' dir='ltr'>flectat</span> <span class='ocrx_word' id='word_1_198' title='bbox 894 3202 1059 3276; x_wconf 85' lang='lat' dir='ltr'>habenas,</span> <span class='ocrx_word' id='word_1_199' title='bbox 1143 3195 1145 3198; x_wconf 59' lang='grc'><strong>’</strong></span> 
     </span>
     <span class='ocr_line' id='line_1_29' title="bbox 142 3306 1199 3393; baseline 0.005 -22"><span class='ocrx_word' id='word_1_200' title='bbox 142 3327 211 3371; x_wconf 91' lang='lat' dir='ltr'>nec</span> <span class='ocrx_word' id='word_1_201' title='bbox 227 3308 289 3372; x_wconf 92' lang='lat' dir='ltr'>scit</span> <span class='ocrx_word' id='word_1_202' title='bbox 304 3329 373 3393; x_wconf 89' lang='lat' dir='ltr'>qua</span> <span class='ocrx_word' id='word_1_203' title='bbox 390 3307 432 3373; x_wconf 91' lang='lat' dir='ltr'>sit</span> <span class='ocrx_word' id='word_1_204' title='bbox 447 3307 523 3384; x_wconf 90' lang='lat' dir='ltr'>iter,</span> <span class='ocrx_word' id='word_1_205' title='bbox 541 3330 618 3385; x_wconf 91' lang='lat' dir='ltr'>nec,</span> <span class='ocrx_word' id='word_1_206' title='bbox 637 3310 666 3374; x_wconf 91' lang='lat' dir='ltr'>si</span> <span class='ocrx_word' id='word_1_207' title='bbox 683 3310 781 3383; x_wconf 90' lang='lat' dir='ltr'>sciat,</span> <span class='ocrx_word' id='word_1_208' title='bbox 799 3308 943 3393; x_wconf 89' lang='lat' dir='ltr'>imperet</span> <span class='ocrx_word' id='word_1_209' title='bbox 957 3306 1036 3371; x_wconf 92' lang='lat' dir='ltr'>illis.</span> <span class='ocrx_word' id='word_1_210' title='bbox 1150 3335 1199 3387; x_wconf 86' lang='lat'>170</span> 
     </span>
     <span class='ocr_line' id='line_1_30' title="bbox 113 3413 1001 3506; baseline 0.001 -30"><span class='ocrx_word' id='word_1_211' title='bbox 113 3431 115 3435; x_wconf 81' lang='grc'><strong>’</strong></span> <span class='ocrx_word' id='word_1_212' title='bbox 188 3413 281 3477; x_wconf 92' lang='lat' dir='ltr'>Tum</span> <span class='ocrx_word' id='word_1_213' title='bbox 298 3413 447 3499; x_wconf 90' lang='lat' dir='ltr'>primum</span> <span class='ocrx_word' id='word_1_214' title='bbox 465 3416 569 3481; x_wconf 89' lang='lat' dir='ltr'>radiis</span> <span class='ocrx_word' id='word_1_215' title='bbox 586 3416 691 3506; x_wconf 85' lang='lat' dir='ltr'>gelidi</span> <span class='ocrx_word' id='word_1_216' title='bbox 709 3416 847 3479; x_wconf 89' lang='lat' dir='ltr'>caluere</span> <span class='ocrx_word' id='word_1_217' title='bbox 863 3414 1001 3489; x_wconf 89' lang='lat' dir='ltr'>triones,</span> 
     </span>
     <span class='ocr_line' id='line_1_31' title="bbox 143 3519 962 3609; baseline -0.001 -26"><span class='ocrx_word' id='word_1_218' title='bbox 143 3530 177 3583; x_wconf 91' lang='lat' dir='ltr'>et</span> <span class='ocrx_word' id='word_1_219' title='bbox 192 3520 294 3584; x_wconf 89' lang='lat' dir='ltr'>vetito</span> <span class='ocrx_word' id='word_1_220' title='bbox 310 3519 435 3585; x_wconf 87' lang='lat' dir='ltr'>frustra</span> <span class='ocrx_word' id='word_1_221' title='bbox 452 3532 658 3606; x_wconf 90' lang='lat' dir='ltr'>temptarunt</span> <span class='ocrx_word' id='word_1_222' title='bbox 674 3542 822 3607; x_wconf 86' lang='lat' dir='ltr'>aequore</span> <span class='ocrx_word' id='word_1_223' title='bbox 839 3520 962 3609; x_wconf 84' lang='lat' dir='ltr'>tingui,</span> 
     </span>
     <span class='ocr_line' id='line_1_32' title="bbox 142 3624 1106 3715; baseline -0.003 -26"><span class='ocrx_word' id='word_1_224' title='bbox 142 3646 300 3713; x_wconf 88' lang='lat' dir='ltr'>quaeque</span> <span class='ocrx_word' id='word_1_225' title='bbox 317 3628 398 3713; x_wconf 93' lang='lat' dir='ltr'>polo</span> <span class='ocrx_word' id='word_1_226' title='bbox 416 3627 526 3712; x_wconf 90' lang='lat' dir='ltr'>posita</span> <span class='ocrx_word' id='word_1_227' title='bbox 543 3638 594 3693; x_wconf 89' lang='lat' dir='ltr'>est</span> <span class='ocrx_word' id='word_1_228' title='bbox 609 3628 750 3715; x_wconf 86' lang='lat' dir='ltr'>glaciali</span> <span class='ocrx_word' id='word_1_229' title='bbox 766 3627 924 3712; x_wconf 87' lang='lat' dir='ltr'>proxima</span> <span class='ocrx_word' id='word_1_230' title='bbox 941 3624 1106 3709; x_wconf 87' lang='lat' dir='ltr'>Serpens,</span> 
     </span>
     <span class='ocr_line' id='line_1_33' title="bbox 142 3732 925 3821; baseline -0.001 -26"><span class='ocrx_word' id='word_1_231' title='bbox 142 3732 269 3819; x_wconf 78' lang='lat' dir='ltr'>frigore</span> <span class='ocrx_word' id='word_1_232' title='bbox 287 3734 388 3821; x_wconf 89' lang='lat' dir='ltr'>pigra</span> <span class='ocrx_word' id='word_1_233' title='bbox 405 3733 512 3818; x_wconf 90' lang='lat' dir='ltr'>prius,</span> <span class='ocrx_word' id='word_1_234' title='bbox 531 3754 596 3797; x_wconf 89' lang='lat' dir='ltr'>nec</span> <span class='ocrx_word' id='word_1_235' title='bbox 611 3732 835 3798; x_wconf 86' lang='lat' dir='ltr'>formidabilis</span> <span class='ocrx_word' id='word_1_236' title='bbox 851 3732 925 3807; x_wconf 93' lang='lat' dir='ltr'>ulli,</span> 
     </span>
     <span class='ocr_line' id='line_1_34' title="bbox 141 3820 1196 3925; baseline -0.003 -24"><span class='ocrx_word' id='word_1_237' title='bbox 141 3820 285 3904; x_wconf 87' lang='lat' dir='ltr'>incaluit</span> <span class='ocrx_word' id='word_1_238' title='bbox 302 3838 515 3925; x_wconf 89' lang='lat' dir='ltr'>sumpsitque</span> <span class='ocrx_word' id='word_1_239' title='bbox 532 3860 640 3905; x_wconf 88' lang='lat' dir='ltr'>novas</span> <span class='ocrx_word' id='word_1_240' title='bbox 656 3838 846 3903; x_wconf 85' lang='lat' dir='ltr'>fervoribus</span> <span class='ocrx_word' id='word_1_241' title='bbox 862 3837 942 3901; x_wconf 90' lang='lat' dir='ltr'>iras.</span> <span class='ocrx_word' id='word_1_242' title='bbox 1108 3837 1114 3845; x_wconf 80' lang='grc'>’</span> <span class='ocrx_word' id='word_1_243' title='bbox 1149 3857 1196 3914; x_wconf 80' lang='lat'>¹75</span> 
     </span>
     <span class='ocr_line' id='line_1_35' title="bbox 142 3940 1022 4033; baseline -0.007 -24"><span class='ocrx_word' id='word_1_244' title='bbox 142 3955 175 4009; x_wconf 91' lang='lat' dir='ltr'>te</span> <span class='ocrx_word' id='word_1_245' title='bbox 191 3966 330 4033; x_wconf 92' lang='lat' dir='ltr'>quoque</span> <span class='ocrx_word' id='word_1_246' title='bbox 346 3945 514 4009; x_wconf 85' lang='lat' dir='ltr'>turbatum</span> <span class='ocrx_word' id='word_1_247' title='bbox 533 3955 725 4010; x_wconf 91' lang='lat' dir='ltr'>memorant</span> <span class='ocrx_word' id='word_1_248' title='bbox 739 3942 883 4029; x_wconf 84' lang='lat' dir='ltr'>fugisse,</span> <span class='ocrx_word' id='word_1_249' title='bbox 901 3940 1022 4013; x_wconf 76' lang='lat' dir='ltr'>Boote,</span> 
     </span>
    </p>
   </div>
   <div class='ocr_carea' id='block_1_3' title="bbox 0 0 1388 4467">
    <p class='ocr_par' dir='ltr' id='par_1_3' title="bbox 0 0 1388 4467">
     <span class='ocr_line' id='line_1_36' title="bbox 0 0 1388 4467; baseline 0 2"><span class='ocrx_word' id='word_1_250' title='bbox 0 0 1388 4467; x_wconf 95' lang='lat' dir='ltr'> </span> 
     </span>
    </p>
   </div>
  </div>
 </body>
</html>
