2767 4467
223 266 284 328 182
595 261 744 328 Slaortrr
766 262 900 327 Poems.
1126 278 1281 350 [Tarsum
1311 361 1321 372 .

218 459 341 534 Fama,
359 460 566 545 parentales,
584 457 613 523 si
630 480 690 523 vos
707 479 784 523 mea
801 459 955 546 contigit,
975 458 1118 522 umbrae

262 567 306 632 Et
322 568 450 632 suntin
467 567 592 653 Stygio
609 567 752 632 crimina
771 581 884 632 nostra
901 569 987 643 forn,

217 675 323 749 Scite,
342 696 476 760 precor,
494 695 634 738 causam
646 711 690 721 —
701 695 766 738 nec
782 697 842 739 vos
860 675 942 738 mihi
959 675 1078 740 fallere
1095 673 1146 738 fas
1163 685 1271 740 est-

262 780 423 846 Errorem
435 781 566 868 jussae,
585 801 654 845 non
671 780 796 855 sceluS,
816 803 891 846 esse
909 781 1026 870 fugae.
1233 816 1270 871 90

217 889 381 954 Manibus
398 891 464 955 hoc
480 889 562 955 satis
578 903 648 955 est:
674 891 719 956 ad
735 913 809 966 vos,
829 892 991 968 studiosa,
1011 904 1174 970 revertor,

261 997 417 1069 Pectora,
436 997 494 1084 qui
510 997 598 1062 vitae
615 998 777 1084 quaeritis
794 1011 870 1064 acta
887 1021 997 1066 meae.

211 1105 291 1192 Jam
309 1105 391 1169 mihi
408 1106 549 1171 canities
565 1106 673 1191 pulsis
690 1107 886 1173 melioribus
904 1108 1002 1174 annis

160 1250 171 1260 ·
259 1213 424 1290 Venerat,
443 1215 599 1302 antiquas
617 1216 868 1304 miscueratque
885 1239 1016 1295 comas,

215 1319 363 1408 Postque
380 1343 475 1388 meos
491 1334 585 1387 ortus
601 1322 725 1388 Pisaea
741 1325 874 1390 vinctus
891 1325 981 1390 oliva

259 1426 460 1494 Abstulerat
475 1429 590 1494 decies
606 1429 760 1516 praemia
776 1431 883 1496 victor
899 1453 1022 1518 equus,

215 1533 305 1600 Cum
324 1537 427 1601 maris
443 1535 572 1601 Euxini
588 1537 716 1623 positos
733 1538 776 1602 ad
793 1538 892 1604 laeva
908 1539 1065 1606 Tomitas

261 1641 439 1727 Quaerere
455 1666 510 1708 me
527 1643 611 1708 laesi
628 1643 792 1730 principis
808 1644 859 1710 ira
871 1645 980 1733 jubet.

214 1748 331 1816 Causa
349 1772 446 1815 meae
462 1751 593 1816 cunctis
610 1751 753 1814 nimium
770 1773 906 1839 quoque
923 1763 1003 1818 nota
1019 1753 1140 1820 ruinae

259 1857 393 1923 Indicio
409 1880 478 1921 non
494 1869 546 1922 est
560 1857 774 1923 testificanda
792 1880 880 1924 meo.
1068 1935 1072 1946 .
1218 1898 1269 1936 100
1351 1859 1353 1864 ’

215 1961 309 2048 Quid
326 1964 472 2028 referam
488 1963 719 2050 comitumque
735 1965 832 2030 nefas
849 1965 1063 2055 famulosque
1079 1970 1268 2036 nocentes?

258 2070 339 2156 Ipsa
356 2071 462 2135 multa
477 2070 539 2134 tuli
556 2093 624 2136 non
641 2069 771 2136 leviora
787 2072 880 2160 suga.

214 2176 399 2264 Indignata
415 2177 514 2242 malis
531 2199 628 2242 mens
644 2189 695 2242 est
711 2180 947 2255 succumbere,
966 2201 1070 2268 seque

258 2283 429 2349 Praestitit
443 2284 606 2350 invictam
623 2284 752 2350 viribus
769 2307 831 2351 usa
848 2287 929 2351 suis.

213 2389 416 2478 Oblitusque
432 2392 501 2456 mei
518 2393 708 2478 ductaeque
725 2415 786 2478 per
802 2393 870 2457 otiu
886 2394 990 2472 vitae,

258 2497 400 2563 Insolita
416 2498 493 2584 cepi
507 2498 670 2584 temporis
686 2519 782 2564 arma
801 2521 919 2564 manu.

211 2603 346 2691 Totque
361 2605 422 2669 tuli
440 2627 539 2670 casus
556 2606 750 2693 pelagoque
766 2617 936 2694 terraque,
955 2619 1037 2696 quot
1052 2608 1140 2675 inter

257 2710 439 2776 Occultum
456 2713 575 2777 stellae
592 2709 883 2798 conspicuumque
898 2716 1025 2800 polum.

210 2819 321 2883 Tacta
337 2817 421 2882 mihi
437 2819 575 2882 tandem
592 2819 705 2906 longis
723 2819 893 2884 erroribus
911 2833 986 2886 acto

250 2925 376 3012 Juncta
392 2925 596 3010 pharetratis
613 2925 781 2990 Sarmatis
798 2947 859 2991 ora
875 2925 984 2992 Getis.

212 3031 280 3096 Hic
296 3054 362 3120 ego
378 3032 529 3096 finitimis
546 3032 703 3118 quamvis
720 3032 952 3098 circumsoner
968 3033 1083 3112 armis,

254 3138 395 3215 Tristia,
412 3162 480 3227 quo
496 3161 650 3225 possum,
670 3139 821 3204 carmine
837 3139 906 3205 fata
923 3141 1011 3208 levo.

211 3244 315 3331 Qiod
330 3246 488 3335 quamvis
504 3270 607 3313 nemo
623 3258 686 3322 est,
705 3247 802 3334 cujus
818 3247 983 3314 reseratur
1000 3249 1044 3316 ad
1060 3271 1176 3330 aures,

253 3354 314 3419 Sic
329 3366 444 3419 tamen
461 3355 604 3420 absumo
621 3354 822 3441 decipioque
840 3355 941 3421 diem.

209 3460 303 3548 Ergo
319 3462 410 3548 quod
425 3460 516 3534 vivo,
535 3463 697 3549 durisque
713 3450 886 3528 laboribus
903 3463 1012 3541 obsto,

253 3568 330 3633 Nec
347 3590 401 3633 me
418 3571 583 3636 sollicitae
600 3571 712 3638 taedia
729 3573 815 3637 lucis
832 3573 973 3649 habent,

208 3675 340 3752 Gratia,
359 3677 476 3755 Musa,
493 3681 574 3756 tibi;
600 3703 679 3744 narn
698 3693 733 3746 tu
750 3683 878 3748 solacia
894 3683 1055 3769 praebeS,

250 3784 307 3849 Tu
324 3807 427 3851 curae
443 3789 591 3874 requies,
609 3800 645 3853 tu
663 3789 833 3854 medicina
849 3790 967 3864 venis3

205 3891 262 3956 Tu
278 3893 349 3958 dux
366 3904 399 3959 et
415 3916 529 3961 comes
547 3917 604 3971 es;
629 3907 664 3961 tu
680 3918 743 3961 nos
760 3896 902 3962 abducis
919 3898 962 3962 ab
980 3897 1112 3976 Histro,

250 3999 291 4065 In
308 4001 489 4089 medioque
505 4001 589 4066 mihi
606 4003 669 4068 das
685 4002 854 4068 Helicone
870 4003 997 4069 locum.
